2430 3776
235 151 868 238 DeJurepatronatus
884 147 1019 220 Par.
1044 149 1148 217 IV.
1170 150 1332 214 Can.
1350 148 1421 212 11.
1441 146 1582 214 Cas:
1600 149 1758 217 VIII.
1973 178 2056 240 71

67 269 109 311 δι
122 274 260 309 tamen
275 263 438 306 tantum
449 263 562 306 inter
577 273 665 304 tres
681 261 835 306 dantur
849 259 1006 304 discor-

68 323 148 370 diae
164 350 181 372 ,
206 322 360 366 &lites
375 334 525 379 nempe
539 321 650 365 inter
665 321 932 365 cardinalem
949 322 1003 365 de

66 383 217 430 Castro
234 382 287 425 de
302 393 413 430 anno
429 380 799 434 1584.,Cardinal.
811 382 1006 438 Borgiam

71 442 251 486 deanno
269 445 320 484 16
325 455 347 494 3
356 454 394 494 3.
409 469 424 491 ‚
454 445 493 485 δι
524 441 771 484 modernum
783 441 1006 496 Archiepi-

69 499 257 559 scopum,
275 515 363 559 quo
380 500 484 544 vero
498 501 552 542 ad
565 500 821 545 collationes
834 513 908 557 per
922 501 1008 543 Ca-

67 561 246 618 pinnum
270 561 392 605 datus
419 560 500 603 fuit
527 559 570 602 in
584 562 728 603 Summ.
750 559 1006 616 longiffimus

69 620 303 678 catalogus
328 620 493 664 istarum
520 619 804 677 compleetens
829 618 1004 676 spatium

70 691 175 730 150.-
185 693 388 725 annorum
405 709 420 729 ,
449 681 494 723 in
523 693 612 737 quo
641 680 838 723 videntur
869 681 1006 737 quod,

15 791 19 794 ,
66 739 227 787 duabus
252 742 458 796 exeeprIs,
472 740 642 798 reliquae
662 752 808 782 omnes
824 753 1007 783 concor-

49 799 177 855 (diter
189 797 303 842 faeiat
320 797 414 842 sunt
427 827 442 849 ‚
464 803 504 844 δι
520 798 635 843 suurn
647 796 833 841 effectum
850 799 1007 842 habue-

43 857 53 883 'l
67 871 180 908 runt,
190 859 360 918 &quod
373 857 670 906 observatione
683 859 856 915 dignum
869 860 924 902 est
943 861 1004 903 in-

69 928 136 965 ter
160 919 257 962 istas
284 919 550 978 quamplures
575 916 668 961 sunt
692 918 747 961 de
776 932 969 974 tempore
985 948 999 967 ,

103 992 158 1021 uo
188 978 287 1021 lites
321 979 521 1024 ardebant
540 979 651 1021 inter
669 979 920 1022 Cardinales
944 980 1002 1021 de

108 1038 233 1087 nstro,
250 1040 455 1095 Boi-giam,
472 1042 512 1082 &
526 1038 770 1094 Capitulum
785 1065 798 1086 ,
828 1038 931 1082 sicut
951 1053 1003 1081 ex

67 1094 228 1154 septem
252 1097 543 1142 vacationibus
558 1125 572 1146 ‚
590 1109 682 1155 quae
707 1097 974 1142 obvenerunt
987 1127 1001 1147 ‚

0 1179 2 1219 Ξ
63 1167 150 1199 tres
165 1156 333 1200 fuerunt
349 1158 622 1200 concorditer
642 1156 754 1199 faetae
773 1187 790 1206 4
803 1172 893 1215 quae
907 1159 1000 1201 clim

11 1266 23 1274 Γ
64 1216 299 1271 impugnari
317 1230 401 1258 non
416 1217 581 1273 poffint,
594 1229 740 1260 contra
752 1219 1000 1263 charitatem

15 1326 26 1335 Υ
64 1276 408 1332 interpretantur,
426 1278 477 1319 ne
492 1275 607 1320 fadae
622 1278 646 1320 ὲ
661 1278 906 1326 Canonicis,
921 1280 1002 1334 Ju-

12 1352 19 1392 ᾳ
49 1355 54 1388 ;,
66 1335 228 1382 uicibus
246 1347 493 1392 apparerent
510 1336 669 1393 semper
685 1334 970 1380 dissentientes
986 1366 1001 1386 ,

12 1440 22 1452 λ
65 1395 134 1442 vti
155 1396 208 1438 ad
233 1396 578 1452 complacendum
603 1397 860 1441 Ministrisin
884 1398 1001 1439 Urbe

46 1466 56 1501 ·,
69 1449 344 1501 relidentibus
356 1484 370 1504 ‚
386 1457 489 1514 quia
503 1455 633 1513 gratis
651 1457 735 1499 hoc
747 1457 902 1499 dicitur
914 1485 927 1506 ,
962 1461 1003 1499 &

19 1519 22 1543 ³
46 1512 155 1571 sne·
170 1515 256 1558 ulla
272 1515 579 1568 justificatione,
595 1516 768 1573 quando
796 1517 893 1559 talis
919 1515 1003 1559 dis-

16 1571 45 1633 p>
64 1567 203 1621 sensus
218 1588 302 1618 non
322 1573 454 1619 solnm
471 1574 681 1632 permissus
697 1577 752 1618 est
768 1575 791 1617 a
807 1576 913 1627 jure,
930 1575 1002 1619 sed

27 1635 191 1678 &veriam
203 1636 534 1685 commendatur,
553 1638 651 1695 quia
667 1638 726 1678 ita
737 1636 1001 1692 diligentiori

24 1697 256 1754 '.„v3examine
289 1710 376 1741 non
404 1696 557 1746 minus,
586 1696 729 1754 quoad
750 1697 1003 1739 utilitatem)

44 1754 250 1797 'Ecclesiae
265 1783 280 1804 ,
309 1755 435 1814 quam
464 1757 609 1814 quoad
641 1757 867 1814 qualitates
894 1771 999 1800 con-

39 1806 312 1858 ³currentium
349 1815 553 1858 beneficia
597 1816 870 1859 conferuntur
893 1817 998 1858 alias

44 1875 222 1917 <inutilis
251 1873 385 1917 fuisset
415 1875 671 1920 introductio
686 1875 935 1919 fimultaneae
955 1878 997 1918 in

51 1931 388 1977 'Cathedralibus
410 1935 600 1978 Ecclefiis
620 1936 647 1978 fi
663 1937 869 1979 Canonici
886 1936 1002 1977 clau-

43 1992 114 2052 j'fis
139 1995 275 2036 oculis
290 2023 303 2043 ,
333 1993 567 2038 consentire
586 1995 788 2037 deberent
803 2023 816 2044 ,
841 1999 880 2038 &
897 2009 1002 2037 con-

42 2051 199 2106 2sensus
225 2053 325 2096 esset
349 2052 480 2097 solum
503 2070 579 2112 pro
595 2054 754 2104 forma,
780 2067 824 2096 ut
842 2056 1000 2111 optime

44 2109 218 2170 {scripsit
246 2115 287 2156 S.
302 2114 391 2156 Leo
421 2116 474 2156 ad
499 2113 750 2157 Anastafium
776 2115 933 2157 relatus
959 2106 1000 2158 it}

39 2175 53 2216 'a
66 2177 162 2217 can.
165 2173 210 2227 st
206 2172 319 2226 firt?
335 2187 355 2213 2
365 2178 404 2214 6.
419 2174 574 2226 distin.6
579 2188 618 2227 3.
634 2174 764 2230 ibique
777 2174 890 2233 Gloffi
902 2173 943 2218 in
956 2189 1002 2215 v.

69 2231 280 2285 diviserint
294 2261 307 2281 ‚
333 2233 382 2276 ό
401 2238 438 2275 S·
457 2235 665 2291 Gregorius
685 2234 726 2278 t'n
740 2239 836 2279 Can.
853 2248 918 2279 nec
931 2249 1002 2278 no-

42 2293 47 2301 *
69 2305 166 2333 vum
179 2306 220 2344 7.
233 2292 402 2349 quaesta.

46 2370 53 2399 s
124 2351 177 2395 Et
200 2353 320 2396 tanto
349 2353 484 2397 minus
514 2353 595 2396 istae
617 2352 830 2410 suppositae
845 2351 1001 2396 discor-

40 2446 44 2448 >
65 2412 145 2453 diae
167 2439 181 2460 ‚
207 2424 413 2470 quatenus
442 2413 625 2456 adessent
641 2442 654 2464 ,
679 2413 822 2466 justam
839 2412 1000 2456 causam

67 2471 251 2528 praebere
270 2470 433 2529 possunt
450 2473 682 2530 abrogandi
694 2473 799 2517 hanc
815 2473 1000 2516 simulta-

36 2570 58 2591 Δ..
69 2544 186 2573 neam
202 2532 474 2576 collationem
493 2561 508 2582 ,
536 2535 635 2591 quia
657 2534 812 2577 Summi
827 2532 1000 2589 Pontifi-

82 2603 152 2633 ces
170 2592 264 2634 illas
282 2592 583 2636 considerando
601 2593 713 2635 aliud
738 2595 968 2636 remedium
985 2622 998 2642 ‚

30 2657 214 2717 §nempe
244 2652 536 2697 devolutionis
562 2650 893 2710 praescripserunt
906 2682 920 2703 ,
951 2666 996 2695 ut

26 2710 213 2771 'evidere
230 2712 285 2754 est
300 2711 340 2756 in
355 2725 439 2767 cap.
454 2727 493 2755 2.
524 2714 570 2756 de
584 2711 792 2770 conceffion.
802 2715 994 2768 praebend.

134 2771 305 2829 quando
347 2773 528 2816 habetur
557 2774 787 2816 remedium
829 2774 997 2815 ordina-

32 2835 34 2838 ’
60 2856 62 2859 v
89 2831 197 2880 ium,
215 2835 254 2874 &
269 2831 292 2874 a
308 2832 403 2890 lege
417 2830 696 2890 praescriptum
710 2861 724 2881 ‚
743 2833 884 2889 Judex
913 2847 996 2875 non

97 2891 195 2933 ebet
206 2888 245 2933 se
262 2904 512 2935 convertere
527 2893 581 2935 ad
598 2893 990 2939 extraordinarium,

42 2955 56 3009 g
99 2951 166 2992 uia
188 2950 215 2992 fi
231 2952 388 2994 Summi
414 2951 639 2995 Pontifices
660 2950 880 2995 voluissent
907 2965 1000 3007 per-

38 3013 50 3066 s
114 3010 238 3053 ittere
266 3013 572 3062 alternativam‚
599 3013 682 3055 hoc
708 3013 854 3070 utique
881 3010 1002 3053 fecis-

64 3066 161 3112 Tsent
174 3098 189 3119 ‚
204 3068 273 3113 sed
290 3073 432 3114 utilius
449 3072 656 3114 duxerunt
673 3073 889 3128 imponere
907 3086 1000 3127 poe-

51 3141 164 3173 =nam
179 3130 492 3180 devolutionis‚
519 3137 560 3176 δι
577 3129 727 3174 summa
745 3132 916 3188 quidem
935 3145 1000 3172 ra-

44 3189 202 3238 ptione,
219 3190 312 3233 nam
330 3191 551 3234 devolutio
569 3191 624 3233 est
643 3191 740 3233 vere
755 3191 998 3237 remedium,

58 3251 269 3304 'quoniam
286 3265 363 3307 pro
382 3251 454 3293 illa
468 3252 559 3293 vice
575 3262 736 3293 tantum
751 3278 765 3299 ,
792 3251 861 3292 vel
884 3250 999 3292 tollit

73 3298 301 3352 discordias
328 3311 435 3354 inter
465 3308 711 3367 Episcopum
728 3338 742 3358 ,
771 3314 811 3353 &
828 3311 1002 3366 Capitu-

73 3366 174 3418 lum,
188 3370 260 3412 vel
277 3372 388 3412 inter
403 3372 617 3426 paritatem
638 3370 883 3412 meritorum
899 3384 1003 3411 con-

56 3425 204 3485 gsettur
219 3428 472 3474 Beneficium
488 3430 575 3481 illi,
603 3443 729 3489 quern
752 3430 908 3472 utilitas
925 3431 1002 3472 Ec-

1121 260 1266 309 clefiae,
1279 261 1348 304 vel
1365 261 1506 318 aliqua
1520 261 1601 303 alia
1616 261 1919 306 circumstantia
1932 264 2066 322 magis

1123 320 1296 376 dignum
1321 320 1583 364 considerare
1608 320 1710 365 facit
1727 351 1738 363 .
1773 323 2066 368 Alternativa..

1125 380 1229 423 vero
1245 394 1330 423 non
1355 380 1411 423 est
1431 381 1691 428 remedium,
1719 378 1791 423 sed
1820 383 1993 426 destruit
2019 384 2066 427 fi-

1124 440 1375 484 multaneam
1391 441 1512 499 quod
1526 453 1735 497 nunquam
1747 442 1911 484 admitti
1925 445 2064 498 potest

1127 499 1344 556 aJudice‚
1371 502 1445 559 qui
1471 500 1527 543 est
1549 499 1721 557 quidem
1739 502 1964 559 interpres,
1989 502 2062 545 sed

1125 571 1264 604 tamen
1280 560 1412 604 debet
1424 558 1504 603 esse
1515 560 1668 604 Custos
1683 561 1841 619 legum,
1856 573 1900 604 ut
1918 562 2062 604 relatis

1122 623 1241 662 Rocco
1271 622 1320 663 de
1347 625 1495 669 Cur-te,
1534 618 1584 664 (θ’
1608 622 1835 670 Lambert„
1866 635 2063 677 compro-

1125 679 1195 721 bat
1205 682 1284 723 dec.
1306 683 1462 724 R.P.D.
1479 681 1555 722 mei
1573 680 1687 723 Muti
1711 684 1959 728 §.Praeterea
1985 697 2056 723 au-

1123 739 1357 782 claritates.
1562 771 1567 777 .

1181 802 1233 842 Et
1250 801 1355 843 hanc
1370 801 1589 844 veritatem
1602 812 1870 857 agnoverunt
1883 814 2060 859 quoque

1122 858 1353 903 scribentes
1391 876 1468 917 pro
1497 859 1857 918 Archiepiscopo‚
1886 863 1984 918 quia
2013 862 2057 906 in

1123 918 1457 975 responsionibus
1474 919 1516 963 se
1532 921 1828 963 restrinxerunt
1845 921 1895 962 ad
1911 932 2059 976 peten-

1122 979 1215 1021 dam
1238 982 1345 1022 hanc
1363 980 1650 1024 alternativam
1667 1009 1681 1030 ‚
1708 981 1958 1023 durantibus
1974 981 2058 1023 liti-

1121 1039 1199 1080 bus
1217 1050 1378 1081 tantum
1397 1068 1411 1088 ,
1439 1039 1510 1082 sed
1541 1054 1679 1098 neque
1707 1041 1749 1082 iu
1768 1041 1850 1082 hoc
1868 1041 2059 1083 exaudiri

1117 1111 1364 1154 potuerunt,
1378 1101 1476 1156 quia
1491 1099 1517 1140 fi
1532 1113 1671 1156 neque
1686 1097 1905 1143 discordiae
1920 1114 1971 1143 ex
1987 1114 2058 1142 ea-

1120 1158 1215 1200 dem
1243 1159 1476 1201 collatione
1503 1160 1743 1201 derivantes
1772 1159 1916 1211 justam
1947 1161 2060 1202 Cau-

1121 1216 1202 1260 sam
1240 1215 1494 1261 dissolvendi
1534 1216 1814 1260 fimultaneam
1843 1220 2029 1274 praebent
2045 1250 2058 1270 ,

1121 1277 1342 1334 quomodo
1368 1277 1555 1321 concedi
1587 1278 1745 1334 poterit
1774 1291 1825 1320 ex
1845 1278 1940 1320 aliis
1956 1294 2059 1323 con-

1122 1336 1331 1380 trovcrfiis
1361 1338 1385 1379 a
1412 1335 1581 1380 diversis
1616 1336 1761 1379 Caufis
1778 1365 1792 1386 ,
1825 1351 1972 1394 nempe
1994 1339 2061 1392 ju-

1121 1395 1386 1445 risdictionis,
1401 1402 1438 1440 δι
1455 1396 1642 1439 similium
1657 1399 2060 1446 emanantibus‚nam

1121 1472 1198 1513 pro
1227 1458 1510 1513 denegatione
1541 1455 1826 1500 dissolutionis
1855 1458 1898 1499 in
1923 1459 2060 1500 omni-

1122 1518 1200 1559 bus
1219 1517 1377 1560 casibus
1406 1515 1565 1572 semper
1581 1516 1734 1559 militat
1765 1517 1838 1558 illa
1856 1519 2061 1574 praecipua

1123 1580 1232 1619 ratio
1245 1606 1259 1626 ‚
1283 1577 1403 1635 quod
1421 1578 1582 1619 utilitas
1598 1577 1766 1633 publica
1779 1576 1900 1634 ipsius
1917 1578 2062 1620 Eccle-

1119 1637 1182 1679 fiae
1199 1638 1424 1693 praevalere
1440 1638 1570 1679 debet
1583 1636 1871 1686 commodo‚&
1884 1638 2061 1680 utilitati

1121 1699 1292 1754 privatae
1319 1697 1500 1754 ipsorum
1523 1694 1828 1740 conferentium
1844 1701 1994 1740 Lotter.
2017 1698 2063 1738 de

1121 1772 1165 1798 re
1176 1757 1299 1811 benef}
1324 1757 1436 1799 liba.
1454 1757 1608 1811 quast.2
1621 1770 1658 1799 1.
1683 1775 1723 1801 n.
1730 1770 1749 1809 3
1760 1769 1798 1809 3.
1826 1759 2000 1811 frances.
2013 1758 2062 1800 de

1118 1817 1220 1858 Eccl.
1236 1817 1426 1859 Cathedr.
1438 1829 1545 1871 cap-2
1557 1830 1576 1856 2
1585 1847 1596 1859 .
1611 1835 1649 1860 n.
1660 1831 1675 1857 1
1684 1822 1725 1858 6.

1179 1877 1310 1918 Prout
1334 1890 1473 1934 neque
1503 1877 1695 1933 exempla
1722 1877 1894 1919 aliarum
1918 1877 2064 1920 Eccle-

1119 1933 1264 1977 fiarum
1299 1937 1351 1977 ad
1389 1937 1471 1979 hoc
1497 1935 1731 1978 faciendum
1759 1937 1957 1979 inducere
1971 1935 2066 1993 pos-

1120 1994 1228 2043 sunt,
1250 1997 1347 2052 quia
1364 2009 1456 2037 cum
1473 1996 1524 2037 de
1548 1996 1714 2038 illorum
1731 1997 1937 2051 principio
1961 2026 1975 2045 ,
1990 1994 2059 2038 seu

1122 2052 1256 2099 Causa
1274 2069 1358 2098 non
1373 2055 1533 2097 constet
1550 2084 1564 2103 ,
1589 2055 1810 2098 dicendum
1829 2049 1911 2103 eff,
1939 2055 2060 2113 quod

1121 2115 1398 2158 intervenerit
1425 2112 1645 2157 consensus
1663 2113 1876 2172 utriusque
1892 2115 2025 2159 Partis
2048 2144 2062 2163 ‚

1121 2173 1220 2225 justa
1237 2172 1387 2223 Causa,
1419 2178 1459 2217 δε
1473 2176 1696 2218 auctoritas
1713 2172 1948 2230 superioris,
1965 2176 2063 2232 quia

1119 2234 1281 2290 semper
1313 2233 1431 2293 quod
1461 2233 1610 2276 fastum
1637 2234 1694 2276 est
1722 2231 1970 2290 supponitur
1995 2234 2058 2277 fa-

1119 2299 1226 2338 num
1238 2295 1362 2350 proiit
1380 2293 1433 2336 de
1448 2294 1537 2346 jure
1555 2294 1610 2335 est
1626 2292 1861 2336 faciendum
1880 2323 1892 2334 .

1179 2355 1277 2396 Nec
1305 2354 1548 2411 Capitulum
1574 2353 1716 2396 resistit
1748 2355 1843 2395 huic
1868 2353 2061 2398 divisioni

1109 2428 1173 2456 ex
1205 2411 1296 2457 solo
1327 2416 1488 2457 motivo
1521 2411 1560 2455 se
1591 2414 1836 2470 opponendi
1860 2415 2059 2470 petitioni

1119 2472 1438 2529 Archiepiscopi
1463 2502 1476 2522 ‚
1508 2474 1678 2530 quando
1708 2474 1811 2516 alias
1837 2474 1972 2516 eidem
2003 2474 2061 2515 est

1118 2534 1242 2578 valde
1257 2533 1503 2577 favorabilis
1519 2562 1532 2580 ‚
1564 2535 1661 2590 quia
1692 2534 1734 2575 in
1754 2534 1983 2576 collatione
2008 2532 2058 2573 fi-

1118 2595 1329 2636 multanea
1344 2593 1589 2649 Capitulum
1622 2594 1781 2649 praestat
1811 2590 1940 2636 solum
1964 2591 2056 2634 fim-

1119 2656 1270 2711 plicem
1287 2650 1528 2696 consensum
1543 2653 1609 2700 ,in
1625 2653 1873 2695 alternativa
1890 2664 2054 2693 autem.-

1118 2715 1293 2757 haberet
1304 2714 1345 2754 in
1360 2710 1428 2754 sua
1442 2713 1661 2754 vacatione
1676 2713 1847 2754 liberam
1860 2712 2055 2753 collatio-

1118 2772 1469 2828 nem,Capitulum
1486 2772 1596 2813 enim
1611 2772 2053 2814 materialicommodo

1119 2833 1310 2890 praeferre
1329 2832 1419 2874 vult
1438 2832 1505 2873 vel
1523 2831 1742 2873 utilitatem
1757 2829 1946 2873 Ecclefiae
1959 2859 1971 2877 ,
1988 2831 2056 2873 vel

1119 2896 1329 2948 proprium
1346 2890 1622 2934 honorificum
1637 2892 1708 2942 Ius
1726 2919 1739 2940 ‚
1757 2890 1849 2932 cum
1863 2891 1984 2932 valde
1996 2891 2057 2932 ei-

1119 2953 1214 2993 dem
1232 2953 1428 2993 decorum
1461 2949 1505 2990 fit
1525 2950 1706 3007 allegare
1729 2950 1832 2991 illud
1853 2947 2052 3005 speciale)

1119 3013 1250 3053 Breve
1280 3012 1498 3053 obtentum
1529 3007 1601 3051 sub
1620 3010 1793 3051 Urbano
1811 3010 1918 3050 Vlll.
1935 3006 2053 3065 supra

1120 3071 1345 3126 allegatum
1358 3098 1370 3116 ,
1388 3073 1426 3111 &
1439 3073 1630 3126 quamvis
1650 3082 1700 3110 ex
1716 3067 1917 3112 divisione
1934 3082 2054 3110 exer-

1118 3131 1205 3172 citii
1220 3144 1302 3171 non
1316 3130 1489 3171 tollatur
1501 3128 1740 3171 simultanea
1755 3157 1768 3177 ‚
1800 3130 1897 3186 quia
1925 3129 2058 3170 colla-

1120 3191 1258 3232 tiones
1275 3188 1376 3230 fiunt
1392 3185 1603 3245 utriusque
1619 3189 1785 3230 nornine
1799 3217 1811 3236 ‚
1840 3201 1883 3230 ut
1906 3188 2057 3244 probat

1118 3250 1236 3289 Card.
1266 3249 1313 3288 de
1328 3252 1429 3289 Luca
1455 3249 1499 3288 de
1519 3248 1638 3302 benef]
1665 3248 1755 3306 dise.
1778 3261 1846 3296 29.
1862 3263 1966 3288 num.
1991 3262 2055 3297 19.

1122 3321 1303 3350 attamen
1320 3308 1411 3349 cum
1430 3307 1635 3349 indultum
1651 3305 1882 3364 specialiter
1910 3305 1948 3348 se
1965 3306 2059 3351 fun-

1123 3369 1194 3409 det
1212 3370 1254 3410 in
1271 3367 1419 3409 statuto
1437 3366 1625 3409 Ecclefiae
1638 3368 1903 3423 praecipiente
1921 3366 2058 3408 simul-

1124 3439 1290 3470 taneam
1308 3427 1726 3477 collationen12valde
1739 3423 2065 3525 disputabileses-

1994 3497 2033 3527 ct
2052 3502 2063 3531 ;
