2392 3730
463 180 466 184 ’
554 195 756 261 Index
792 194 1073 273 Rerum,
1113 199 1176 267 81
1210 150 1608 267 Verborum.-

143 298 207 325 non
218 286 342 334 possunt
355 290 366 327 ,“
386 293 445 320 nec
462 287 652 321 convertiin
663 287 735 322 usus
750 288 904 333 profanos
918 313 928 324 .
937 302 995 336 79.
1007 300 1043 335 4.

95 335 136 372 11.
160 336 227 372 Res
238 335 376 376 iudicata
392 344 456 368 non
469 334 710 380 comprehendit
723 357 735 374 ‚
761 334 852 381 quod
874 347 939 372 non
960 344 1092 382 apparet

142 379 292 419 effective
305 380 500 416 declaratum
509 405 521 422 ‚
533 381 589 416 seu
601 381 766 418 definitum
780 405 790 416 .
818 394 871 418 22.
896 394 951 429 34.

100 430 147 470 11.
170 429 235 464 Res
244 428 387 470 judicata
408 428 472 463 lata
495 438 567 463 cum
590 428 739 474 legitimis
763 429 1067 466 Com-adietoribus
1077 454 1090 473 ,

143 479 179 514 ὅτ
188 475 338 510 Patronis
349 477 382 510 in
395 475 500 511 Causa
508 475 714 511 existentibus
728 500 740 519 ,
754 476 830 511 facit
840 477 894 519 Jus
908 489 972 512 non
987 478 1090 515 solum

144 523 252 570 quoad
263 531 335 558 tunc
346 524 461 558 citatos
474 546 485 563 ,
497 521 551 558 se‘d
567 524 664 559 etiam
675 547 687 563 ,
701 525 810 569 quoad
821 525 906 560 alios
918 548 928 559 .
939 538 995 572 3²·
1010 537 1027 568 3
1036 539 1064 561 1.

96 571 147 606 11.
173 571 242 606 Una
253 594 264 611 ,
277 572 312 606 &
322 570 434 606 eadem
447 582 498 606 res
508 582 570 607 non
591 571 687 610 debet
699 571 828 608 diverso
848 574 926 619 Jure
947 572 1087 609 censeri.

149 628 227 653 100.
246 632 278 654 2.
660 635 666 641 ·

97 665 146 701 11.
170 666 235 701 Res
258 665 395 706 judicata
423 677 614 704 concernens
636 665 749 701 flatum
772 665 903 707 alicujus
925 667 971 702 rei
994 668 1089 703 afficit

146 723 257 748 ornnes
269 737 280 747 .
307 725 388 768 3¹49.
412 727 466 750 22.

99 760 161 796 VI.
183 760 250 795 Res
260 761 399 801 judicata
410 762 452 796 de
467 761 513 797 sui
525 769 634 796 natura
647 759 805 807 praesefert
830 761 957 798 titulum
968 763 1088 799 fortio-

147 816 213 841 rem
224 809 288 854 ipsa
300 831 311 848 ,
323 809 359 844 &
374 808 624 850 Centenaria‚&
635 808 876 845 immemorabili
889 833 900 844 .
916 822 994 857 379.
1006 823 1062 857 32.

99 854 158 890 VI.
181 854 248 890 Res
261 855 440 892 dissolvitur
451 869 510 904 per
519 869 573 892 eas
588 856 706 892 Causas
718 880 731 897 ,
753 867 811 902 per
824 867 902 902 quas
931 859 1066 893 nascitur
1076 881 1088 892 .

173 906 227 938 26.
242 915 274 947 3.

99 915 166 986 VI?
188 950 254 984 Res
268 950 419 996 quaelibet
435 951 527 987 facile
538 951 578 986 ad
588 952 773 997 primaevam
788 958 930 987 naturam
942 965 957 987 r
965 954 1089 988 everti-

146 1003 200 1031 tur
211 1021 222 1032 ο
233 1007 313 1043 4250
329 1011 362 1044 ⁷·

331 1097 362 1132 R
387 1098 414 1131 E
438 1096 460 1130 S
483 1097 516 1132 C
538 1098 569 1133 R
593 1099 611 1133 1
635 1098 661 1133 Ρ
685 1097 713 1132 T
739 1099 768 1134 U
792 1096 831 1131 M
849 1121 859 1132 .

97 1187 144 1224 11.
168 1186 325 1234 Rescripti
338 1188 441 1224 forma
454 1188 572 1225 servari
584 1190 678 1226 debet
691 1189 709 1225 a
722 1190 884 1237 Delegato
898 1212 908 1223 .
936 1199 1014 1236 571.
1029 1202 1060 1225 2.

215 1285 500 1323 RESERVA'I'IO
519 1288 538 1330 J
542 1288 946 1324 URlSPATRONATUS
958 1312 969 1323 .

167 1428 175 1436 ¹
191 1378 275 1413 Vide
288 1380 320 1414 in
333 1380 423 1415 verb.
446 1376 692 1428 ‘Juspatw›tatus
712 1382 815 1427 quoad
840 1384 909 1424 ejus
928 1382 1087 1426 Reserva-

146 1435 265 1464 nonem
277 1449 290 1460 .

236 1523 607 1562 RESERVATIONES
630 1527 932 1564 APOS'I'OLICAE
940 1552 950 1562 .

98 1618 157 1657 1V.
182 1616 299 1654 Diviso
308 1617 568 1663 Jurepatronatus
578 1620 682 1656 mixto
694 1632 750 1666 per
763 1621 906 1656 Turnum
919 1643 930 1660 ‚
956 1619 979 1654 si
996 1629 1088 1653 vaca-

145 1667 194 1701 tio
206 1663 360 1699 Beneficii
373 1667 535 1712 contingat
545 1668 575 1701 in
588 1667 703 1703 Turno
721 1669 834 1704 debito
861 1668 1002 1703 Patrono
1022 1665 1087 1701 Ec-

144 1710 338 1794 elefiafflgzos’
349 1724 387 1748 an
399 1714 516 1749 intrent
537 1714 766 1752 reservationes
786 1715 978 1762 Apostolicae
993 1738 1003 1749 .
1022 1724 1090 1759 49.

149 1770 182 1795 1·
195 1772 224 1795 2·
240 1782 251 1799 2
325 1772 378 1806 eq·

96 1811 157 1846 VI.
181 1806 234 1840 Ad
246 1806 397 1843 effectum
407 1808 597 1844 excludendi
611 1810 839 1846 reservationes
855 1809 1056 1856 Apostolicas
1073 1832 1085 1848 ,

144 1853 260 1889 sufficit
270 1856 364 1890 tacita
376 1856 522 1891 voluntas
534 1857 723 1892 Fundatoris
734 1858 896 1905 desumpta
921 1868 964 1892 ex
978 1860 1090 1897 conje-

145 1902 265 1942 esuris,
279 1902 314 1937 ὅ(
325 1905 536 1948 argumentis.
561 1915 638 1951 373.
658 1914 711 1950 17.

98 1953 157 1987 VI.
182 1949 584 1990 Referunturconjeeturae
596 1976 607 1993 ,
619 1952 786 1998 exquibus
810 1953 933 1991 elicitur
950 1952 1086 1988 tacitzm.

144 1995 289 2032 exclusio
302 1997 571 2033 Reservationum
585 1999 840 2044 Apostolicarum
855 2024 865 2035 .
883 2013 961 2047 370.
972 2007 1005 2048 7'.
1032 1999 1065 2034 8.
1076 2022 1088 2039 2

146 2046 183 2081 ὅτ
195 2042 343 2090 seq-371.
360 2058 410 2081 11.
423 2068 434 2087 ,
449 2047 574 2093 &373.
593 2048 645 2082 18.
661 2058 713 2092 ¹9·
726 2047 836 2095 &seq.
849 2072 861 2090 ‚
884 2050 918 2084 &
931 2059 1011 2095 375.
1023 2058 1089 2087 22..

146 2094 180 2128 &
193 2095 271 2137 376.
284 2102 339 2135 25-
351 2094 406 2132 ‚&
422 2093 501 2138 380.
517 2105 571 2140 34.

100 2143 160 2178 VI.
184 2138 378 2174 Reservatio
393 2139 438 2173 est
449 2141 735 2178 concludentiffime
750 2153 808 2188 per
831 2143 1088 2188 impetrantem-9

147 2186 322 2234 probanda,
338 2186 413 2221 alizls
428 2187 486 2223 iste
497 2188 540 2222 est
553 2191 718 2231 arcendus,
737 2190 762 2224 si
776 2189 951 2226 reservatio
967 2190 1004 2224 sit
1022 2198 1090 2224 tur-

148 2234 310 2273 bida,aut
327 2234 444 2270 dubia.
471 2246 548 2281 372.
567 2245 619 2282 ¹4·
632 2259 644 2277 ,
664 2238 854 2283 &380·35·

100 2288 158 2322 V1.
183 2281 429 2316 Reservationes
446 2282 639 2327 Apostolicae
650 2296 713 2319 non
739 2285 878 2320 afficiunt
891 2285 1087 2319 Beneficia„

145 2330 410 2412 Jugisgztronatus
417 2329 548 2365 Laiealis
558 2354 570 2372 ,
585 2339 639 2366 aut
652 2333 743 2366 mixti
755 2332 832 2375 381.
850 2345 879 2370 1.
904 2332 944 2368 Et
958 2343 1088 2378 quare,

147 2389 182 2413 vi
205 2388 247 2412 ea
272 2389 284 2411 ι
297 2400 307 2410 .

102 2430 162 2465 VI.
187 2424 302 2459 Diviso
311 2424 576 2470 Jurepatronatus
590 2427 694 2462 mixto
704 2438 761 2472 per
774 2427 914 2462 Turnum
926 2451 936 2467 ‚
946 2427 969 2461 si
984 2427 1090 2464 Bene-

149 2474 256 2510 ficium
270 2480 364 2506 vacet
375 2473 408 2506 in
419 2472 530 2507 Turno
540 2473 670 2508 Patroni
678 2473 883 2509 Ecclessastici
893 2476 943 2516 ,&
956 2476 985 2509 in
999 2486 1089 2512 men-

150 2522 183 2557 se
193 2518 356 2554 reservato
367 2518 412 2553 est
421 2531 454 2554 re
459 2519 688 2557 servationibus
700 2520 893 2568 Apostolicis
903 2522 1089 2564 subjectum.

121 2586 127 2593 -
153 2571 231 2618 381.
245 2579 276 2602 2.
962 2592 964 2594 ·

240 2665 634 2710 RESIDENTIA,
658 2666 971 2703 RESIDERE.

103 2761 149 2799 It.
173 2756 354 2794 Residentia
364 2758 410 2794 est
421 2761 539 2806 triplex.
554 2769 627 2806 515.
642 2777 671 2797 1.

103 2812 152 2847 11.
176 2805 357 2842 Refidentia
370 2817 426 2848 an,
440 2809 475 2844 &
488 2806 615 2854 quando
626 2808 751 2843 differat
764 2807 803 2842 ab
814 2805 1063 2843 Intereffentia„
1079 2833 1089 2845 .

154 2858 230 2901 51⁶·
240 2867 276 2898 9.
289 2852 329 2888 Et
338 2854 415 2899 quid
425 2853 463 2890 sit
470 2855 606 2891 residere
618 2880 630 2897 ‚
647 2857 683 2892 δε
711 2856 788 2901 q'uid
811 2855 960 2890 Interesse
972 2877 983 2889 .
1013 2867 1030 2901 5
1039 2867 1092 2903 17.

155 2905 209 2938 16.

102 2952 152 2989 -11,
175 2949 315 2985 Nomine
329 2947 502 2985 refidentiae
516 2949 686 2986 secundum
696 2950 863 2996 vulgarem
884 2949 1015 2986 modurn
1042 2951 1092 2987 lo-

153 2997 272 3043 quendi
285 2996 471 3042 intelligitur
485 2997 666 3034 Refidentia
678 2997 847 3043 personalis
865 3020 875 3031 .
903 3007 978 3044 5¹7·
993 3009 1045 3044 ¹3.

104 3048 139 3084 1.
162 3045 214 3080 Lis
229 3043 320 3088 super
332 3043 488 3080 beneficio
499 3055 537 3081 an
555 3047 693 3092 praebeat
714 3042 863 3082 Parocho
885 3042 996 3084 justam
1014 3056 1092 3081 cau-

154 3092 218 3127 sam
230 3102 294 3126 non
304 3090 459 3127 residendi
469 3115 480 3127 .
507 3106 519 3126 1
530 3103 582 3140 17.
595 3093 646 3128 18.

105 3143 152 3176 11.
177 3138 311 3174 Manens
325 3138 416 3173 extra
428 3138 654 3176 Monasterium
664 3140 719 3176 sub
735 3139 918 3175 obedientia
941 3139 1095 3186 Superio-

152 3188 195 3222 ris
209 3210 220 3226 ‚
234 3186 270 3222 &
292 3196 363 3220 cum
375 3187 442 3228 ejus
452 3187 577 3223 licentia
588 3210 601 3228 ‚
613 3187 728 3224 dicitur
740 3186 878 3222 refidere
899 3187 979 3223 intra
992 3188 1069 3224 illud
1081 3213 1092 3226 .

105 3245 172 3317 VI.3
180 3245 240 3315 ²131
251 3244 421 3335 iziidentia
431 3305 443 3323 ‚
469 3283 504 3320 &
528 3281 689 3323 servitium
711 3282 879 3320 Personale
904 3283 976 3321 tolli
1001 3283 1094 3330 poffit

153 3339 212 3374 pet
222 3327 478 3367 consuetudinem
491 3352 502 3366 .
515 3341 596 3378 340.
609 3342 658 3371 1.,
669 3332 705 3367 δι
715 3327 799 3376 seq„
827 3331 863 3367 δι
875 3338 953 3377 342.
967 3343 999 3378 5·

1976 219 2135 286 ,ως

1479 335 1839 375 REsiGNANs.

1147 431 1206 467 VI.
1228 430 1401 478 Resignans
1412 429 1607 468 Beneficium
1627 431 1799 468 Patronale
1825 435 1857 468 in
1882 434 2029 470 favorem
2044 439 2141 468 certae

1192 478 1340 514 Personae
1351 479 1509 514 malitiose
1532 480 1648 527 absque
1674 480 1824 515 consensu
1851 481 1985 516 Patroni
2011 480 2143 517 nulliter

1194 526 1328 572 resignat
1337 550 1350 567 ,
1363 527 1400 562 &
1414 527 1461 561 est
1475 526 1640 562 Beneficio
1652 527 1797 573 privatus
1808 550 1821 568 ‚
1834 526 1922 563 secus
1933 527 1956 562 fi
1968 540 2032 564 non
2048 529 2142 564 mali-

1193 575 1295 609 tiose.
1309 585 1386 620 32¹·
1402 584 1478 620 14„
1492 576 1527 611 &
1538 573 1603 620 seq.

1146 621 1208 656 VI.
1231 619 1400 666 Refignans
1414 622 1519 656 redire
1531 633 1595 657 non
1603 621 1708 667 potest
1717 621 1757 656 ad
1763 620 1963 657 Beneficium
1977 645 1989 662 ‚
2015 623 2039 656 fi
2061 621 2139 657 resi-

1191 668 1302 714 gnavit
1314 667 1507 704 Beneficium
1518 669 1651 704 alicuiin
1664 668 1768 705 forma
1788 669 1917 715 dignum
1931 693 1943 709 ,
1967 680 2032 704 non
2053 669 2136 703 fasta

1192 714 1279 760 prius
1291 715 1493 760 inquisitione
1504 716 1544 752 de
1555 717 1731 751 idoneitate
1743 716 1948 762 Resignatarii
1961 739 1972 758 ,
1990 717 2026 753 &
2044 714 2132 752 istm

1193 769 1338 808 repertus
1349 773 1412 798 non
1423 762 1461 798 fit
1472 764 1606 799 idoneus
1617 788 1628 798 .
1642 774 1681 809 33
1689 773 1718 798 1.
1733 775 1786 799 21.

1241 808 1325 844 Vide
1334 810 1366 844 in
1383 811 1475 846 verb.
1492 812 1696 859 cappellanus
1706 834 1716 845 .

1435 909 1849 948 RESIGNATIO.

1145 1005 1173 1036 1.
1197 999 1309 1037 Gratia
1329 1001 1560 1048 Resignationis
1576 1002 1706 1039 obtenta
1717 1001 1789 1048 post
1804 1009 1941 1038 mortem
1969 1000 2141 1048 Refiguan·

1193 1049 1235 1083 tis
1251 1061 1308 1089 ,an
1323 1074 1334 1090 ,
1350 1052 1384 1086 &
1402 1050 1530 1096 quando
1540 1050 1578 1085 sit
1588 1051 1692 1085 nulla.
1708 1050 1784 1085 228.
1807 1061 1860 1085 10.

1145 1092 1188 1129 ΙΙ.
1212 1095 1399 1143 Refignatio
1420 1098 1566 1133 beneficii
1586 1099 1767 1144 quotuplex
1787 1096 1826 1132 fit
1838 1121 1848 1132 .
1871 1108 1950 1145 417.
1968 1111 2003 1145 4.
2031 1099 2067 1133 &
2080 1095 2140 1133 vt.

1194 1154 1273 1186 320.
1290 1156 1318 1181 1.

1145 1186 1186 1222 ll.
1213 1190 1413 1228 Constitutio
1435 1192 1634 1240 Gregoriana
1654 1193 1745 1238 super
1768 1194 1960 1239 publicandis
1985 1192 2139 1238 Resigna-

1192 1239 1332 1274 tionibus
1343 1252 1380 1275 an
1391 1242 1544 1285 procedat
1558 1243 1588 1276 in
1605 1241 1768 1276 beneficiis
1780 1241 1925 1286 litigiofis
1938 1268 1949 1278 .
1962 1241 2045 1286 408.
2063 1252 2079 1283 5
2089 1250 2116 1273 ¹.

1145 1284 1206 1320 VI.
1231 1284 1266 1320 In
1277 1287 1487 1333 resignatione
1498 1288 1734 1323 Beneficiorum
1746 1287 1964 1322 Patronalium
1976 1311 1986 1326 ,
2014 1296 2085 1331 qua:
2103 1285 2141 1319 fit

1191 1335 1225 1368 in
1237 1335 1377 1369 manibus
1389 1335 1621 1372 ordinariorum
1632 1346 1747 1370 cavere
1763 1334 1880 1369 debent
1891 1334 2022 1370 Patroni
2042 1333 2139 1368 tam-2

1192 1380 1280 1415 Laici
1293 1405 1304 1422 ‚
1317 1382 1411 1427 quam
1425 1382 1626 1418 Ecclefiassici
1638 1405 1649 1422 ,
1662 1382 1700 1416 ne
1719 1382 1758 1415 ab
1778 1381 1850 1427 ipsis
1876 1380 2116 1427 Resignantibus
2127 1402 2140 1419 ,

1194 1430 1299 1464 verbo
1310 1453 1321 1470 ,
1334 1439 1388 1465 aut
1398 1438 1477 1464 nutu
1491 1454 1502 1470 ,
1518 1431 1571 1464 vel
1585 1430 1673 1476 signo
1687 1429 1787 1463 futuri
1808 1428 1994 1463 successores
2021 1429 2050 1461 iu
2080 1426 2144 1460 eis-

1192 1475 1266 1509 dem
1278 1476 1447 1512 Beneficiis
1474 1477 1675 1523 designentur
1699 1477 1754 1510 sub
1774 1486 1867 1522 poena
1895 1474 2098 1521 suspeufionis
2123 1472 2142 1506 ὲ

1194 1523 1435 1568 praesentatione
1449 1549 1459 1559 .
1480 1526 1558 1572 318.
1581 1527 1614 1560 iu
1643 1533 1810 1559 comment.

1146 1568 1206 1604 v1.
1231 1570 1471 1617 Refignationes
1487 1572 1722 1607 Beneficiorum
1735 1572 1830 1605 etiam
1842 1570 1882 1604 de
1907 1572 2141 1616 Jurepatrona-

1194 1626 1244 1653 tus
1257 1618 1391 1654 failaein
1405 1621 1546 1655 manibus
1572 1619 1693 1654 Summi
1715 1618 1879 1653 Pontificis
1904 1618 2058 1663 publicari
2079 1616 2141 1650 de-

1193 1665 1268 1701 bent
1280 1666 1359 1701 intra
1369 1667 1424 1702 sex
1431 1668 1552 1702 menses
1566 1690 1577 1707 ‚
1590 1666 1613 1699 fi
1627 1665 1787 1700 Beneficia
1802 1666 1858 1699 fint
1881 1667 1958 1700 citra
1977 1665 2109 1700 Montes
2128 1686 2141 1703 ‚

1194 1711 1217 1746 si
1228 1713 1310 1748 vero
1319 1714 1399 1748 ultra
1410 1714 1490 1749 intra
1502 1725 1620 1750 novem
1633 1713 1753 1747 menses
1764 1736 1774 1746 .
1792 1714 1867 1758 3¹8·
1879 1714 1913 1747 in
1940 1716 2116 1748 Comment.

1146 1758 1205 1794 VI.
1230 1760 1283 1795 Ad
1312 1762 1511 1798 validitatem
1545 1761 1691 1807 simplicis
1724 1759 1956 1805 Refignationis
1988 1757 2141 1793 Beneficii

1194 1809 1371 1844 Patronalis
1380 1810 1411 1844 in
1427 1810 1570 1845 manibus
1582 1808 1746 1843 Ordinarii
1759 1807 1848 1852 plura
1868 1807 2073 1851 requiruntur
2084 1829 2095 1846 ‚
2105 1807 2141 1841 δε

1194 1865 1266 1899 quae
1283 1855 1342 1891 sint
1354 1880 1364 1890 .
1378 1868 1458 1902 320.
1471 1869 1502 1891 2.
1512 1856 1611 1902 usque
1635 1857 1673 1890 ad
1685 1856 1718 1889 8.

1147 1901 1206 1938 v1.
1229 1902 1457 1949 Resignatione
1468 1903 1675 1943 Beneficii,ad
1686 1904 1777 1943 cuius
1790 1903 1917 1937 titulum
1927 1902 1997 1947 quis
2009 1901 2055 1935 est
2066 1912 2141 1945 pro-

1194 1958 1314 1992 motus,
1327 1960 1503 1997 acceptata,
1524 1951 1702 1988 ordinarius
1713 1950 1886 1997 providere
1909 1957 2035 1984 tenetur
2050 1946 2140 1983 Refi-

1194 2007 1340 2043 gnantem
1353 2023 1363 2033 .
1380 2011 1460 2046 320.
1475 2005 1507 2035 6.

1147 2043 1206 2081 V1.
1230 2045 1297 2081 Pro
1309 2047 1473 2082 validitate
1488 2046 1720 2093 Resignationis
1746 2044 1890 2090 simplicis
1912 2057 1977 2080 non
1999 2044 2139 2090 exigitur

1194 2093 1358 2128 consensus
1373 2094 1503 2131 Patroni
1518 2119 1528 2130 .
1542 2107 1619 2141 320.
1629 2107 1663 2137 9.
1676 2117 1686 2133 ‚
1705 2095 1739 2129 &
1754 2104 1845 2139 pag.3
1853 2094 1905 2128 28.
1922 2103 1974 2138 13.

1148 2138 1206 2174 Vl.
1230 2140 1282 2174 Ad
1295 2142 1492 2177 validitatem
1513 2142 1744 2188 Resignationis
1768 2140 1989 2175 conditionalis
2002 2163 2013 2180 ,
2032 2139 2087 2173 seu
2108 2139 2140 2173 in

1193 2187 1342 2271 fasvoren‘}
1363 2191 1454 2234 plura
1476 2191 1698 2237 requiruntur,
1733 2189 1768 2225 &
1794 2198 1864 2233 quae
1887 2186 1943 2222 fint
1955 2211 1966 2222 .
1992 2198 2070 2232 320.
2086 2197 2139 2221 ιο.

1194 2246 1216 2270 u
1253 2247 1292 2270 ue
1303 2248 1321 2271 a
1360 2247 1374 2270 1
1403 2261 1412 2273 .

1147 2281 1207 2317 VI.
1230 2247 1414 2330 qRefignati30
1422 2286 1507 2320 nulla
1518 2308 1530 2327 ‚
1546 2297 1584 2321 an
1598 2286 1703 2331 privet
1717 2282 1939 2330 Refignantem
1953 2281 2118 2317 Beneficio
2128 2304 2140 2315 .

1196 2332 1273 2372 328.
1289 2332 1321 2366 8.

1148 2376 1205 2412 Vl.
1232 2378 1340 2414 Stante
1350 2381 1495 2416 nullitate
1508 2380 1723 2426 resignationis
1739 2381 1783 2415 ob
1793 2378 1955 2415 defectum
1977 2375 2141 2413 consensus

1196 2427 1407 2463 Patronorum
1427 2441 1484 2470 ,an
1508 2426 1680 2473 &quando
1709 2435 1870 2473 competat
1889 2424 2072 2471 Resignanti
2092 2434 2144 2456 re-

1193 2474 1309 2519 gressus
1318 2475 1356 2509 ad
1378 2476 1574 2511 Beneficium
1584 2499 1594 2515 ,
1622 2474 1678 2508 vel
1701 2474 1939 2520 Cappellaniam
1961 2471 2119 2506 Laicalem
2130 2493 2142 2509 ‚

1195 2522 1249 2556 vel
1259 2523 1366 2566 potius
1376 2523 1532 2558 Patronus
1546 2521 1638 2568 possit
1650 2523 1742 2557 aliam
1759 2520 1930 2556 Personam
1942 2519 2139 2565 praesentare.

1197 2578 1273 2609 327·
1287 2582 1319 2614 7.
1331 2570 1364 2605 &
1380 2572 1458 2616 328.
1468 2584 1508 2614 9-
1519 2571 1553 2605 δι
1566 2580 1724 2615 pag-330.
1740 2569 1791 2604 18.
1804 2592 1814 2608 ,
1844 2569 1878 2603 ἃ·
1890 2567 1954 2613 seq.

1149 2617 1211 2649 VI·
1235 2615 1419 2662 Refignatio
1428 2617 1641 2663 Cappellaniae
1654 2618 1739 2652 mere
1753 2616 1887 2650 Laicalis
1902 2614 1984 2650 facta
1997 2613 2035 2649 ad
2047 2614 2141 2648 favo-

1195 2673 1262 2700 rem
1274 2673 1370 2700 certae
1385 2665 1524 2709 persona:
1536 2664 1651 2709 absque
1664 2662 1817 2699 consensu
1835 2663 1987 2702 Patroni,
2009 2660 2054 2695 est
2074 2661 2142 2695 nul-

1186 2709 1245 2745 la.
1258 2712 1334 2756 328.
1348 2722 1401 2746 10.
1418 2712 1546 2758 Amplia
1560 2721 1595 2746 ut
1605 2709 1654 2746 ibi
1671 2724 1722 2750 μ.
1736 2711 1774 2745 Et
1788 2722 1886 2755 quare
1901 2709 1977 2746 vide
2000 2708 2049 2745 ibi
2063 2719 2117 2744 12.

1149 2756 1208 2792 Vi.
1232 2758 1417 2804 Resignatio
1431 2759 1574 2795 beneficii
1586 2758 1652 2793 five
1672 2758 1890 2804 Cappellaniae
1910 2757 2038 2803 quando
2057 2756 2142 2806 dica-

1197 2814 1247 2840 tur
1258 2805 1341 2841 faeta
1354 2808 1512 2842 malitiose
1527 2809 1556 2841 in
1571 2806 1707 2851 spretum
1722 2807 1874 2844 Patroni.
1901 2818 1917 2851 3
1925 2816 1980 2850 30.
1992 2816 2045 2839 20.

1150 2852 1206 2887 Vl.
1231 2852 1416 2900 Resignatio
1430 2856 1460 2888 in
1478 2854 1624 2889 favorem
1638 2852 1722 2888 faeta
1734 2853 1849 2899 absque
1861 2852 2009 2887 consensu
2023 2851 2142 2887 Patro-

1197 2901 1229 2934 ni
1242 2924 1252 2940 ,
1266 2901 1339 2935 licet
1350 2901 1386 2936 sit
1396 2903 1480 2937 nulla
1488 2900 1634 2947 respeaetu
1645 2901 1791 2940 Patroni,
1805 2900 1892 2935 valet
1904 2909 2010 2935 tamen
2021 2900 2053 2933 in
2066 2911 2142 2945 pre-

1197 2948 1350 2989 judicium
1371 2948 1568 2996 Resignantis
1585 2973 1595 2983 .
1624 2959 1701 2994 331.
1714 2959 1769 2983 22.

1245 2994 1327 3030 Vide
1341 2996 1372 3031 in
1383 2996 1474 3035 verb.
1484 2997 1645 3042 consensius
1657 3019 1668 3036 ,
1681 2996 1795 3033 Literae
1809 3018 1820 3035 ‚
1843 2995 2047 3030 Permutatio
2058 3019 2068 3030 .

1410 3089 1880 3129 RESOLUTIO.

1153 3189 1180 3222 1.
1205 3184 1430 3222 Resolutiones
1444 3185 1545 3222 Sacrae
1568 3185 1701 3222 Rituum
1724 3184 1992 3232 congregationis
2015 3184 2140 3222 Summa

1201 3233 1415 3269 Veneratione
1426 3234 1494 3268 sunt
1508 3234 1547 3269 ab
1559 3234 1705 3269 omnibus
1718 3231 1962 3279 ampleetendae.
1994 3243 2069 3278 104.
2085 3245 2138 3268 20.

1152 3279 1180 3315 1.
1204 3279 1431 3317 Resolutiones
1441 3280 1542 3318 Sacrae
1566 3280 1838 3327 Congregatiouis
1852 3279 1990 3315 Concilii
2002 3281 2140 3315 maxima

1200 3329 1408 3411 {engratizone
1419 3327 1539 3364 aSacra
1549 3330 1636 3366 Rota
1658 3326 1910 3374 amplectuntur.
1942 3339 2018 3375 124.
2033 3339 2086 3363 21.
2105 3329 2139 3363 &

1150 3422 1202 3462 11.
1219 3385 1455 3460 'ffesssiutibnes
1479 3423 1582 3461 Sacrae
1600 3421 1870 3506 Congrggiationis
1883 3422 2023 3463 concilii
2039 3422 2139 3502 vig&⁴

2050 3478 2073 3502 o
2110 3478 2139 3500 1-
