2476 3788
433 111 537 173 De
545 108 1072 196 Jutepatronatus
1089 106 1225 170 Par.
1247 105 1357 170 1V.
1375 106 1539 169 Can.
1558 103 1606 166 Ι.
1622 102 1765 167 Cas.
1781 107 1827 169 I.
2082 125 2164 189 29

397 253 1879 341 COMMENTARIUM

99 351 202 465 E
220 407 258 448 X
279 405 363 450 hoc
377 408 557 451 Canone
572 403 754 465 sequens
774 407 999 450 deducitur
1013 402 1258 449 concluso

102 468 335 513 Ειηεοονυς
343 484 422 509 non
463 483 579 510 υευετ
610 485 829 511 ικετιτυειε
859 494 873 515 ,
915 484 962 509 ετ
999 482 1211 508 nomm-zu:
1242 465 1531 506 Paaestnurun
1564 481 1587 506 Λ
1619 423 1830 507 Κιῑιιωοςις
1861 480 1901 505 in
1930 463 2139 506 ΚεετοιιεΜ
2154 491 2171 513 ,

166 543 232 574 suu
263 528 462 570 Vncmuu
491 544 709 572 Ρειιητυυκ
750 529 950 570 Εεοιεςυε
981 526 1238 568 manemus
1284 541 1468 569 sumserat
1499 525 1759 567 Monmmuo
1791 539 1803 569 ἱ
1836 539 1908 565 msl
1939 539 2041 566 Ρκιυς
2072 542 2168 567 Assi-

165 602 316 633 ouerur.
349 603 466 633 mom
490 587 664 630 throiu
690 603 874 630 concaua
908 603 1041 629 ιόιτιο
1066 603 1113 627 mz
1144 596 1360 628 ιιευοιτιιιυς
1392 601 1547 628 ειυευεκ
1575 585 1776 627 Εοσιιεςυε
1798 613 1811 625 .
1841 584 1904 624 Ita
1919 584 2042 637 Glofi.
2058 613 2072 632 ‚
2091 590 2151 625 An

165 646 328 688 charan.
343 675 357 695 ,
372 647 483 689 [mol.
499 675 514 697 ,
528 646 694 688 Vitalin.
709 674 724 695 ,
740 647 800 688 bic
815 646 1058 689 Lambertin.
1076 646 1330 699 dejurepatr.
1346 644 1413 686 lib.
1433 657 1471 684 2.
1490 657 1585 699 par.
1601 659 1640 698 3.
1654 643 1782 701 quaest.
1800 658 1866 685 10.
1878 653 2006 685 art.1.
2022 672 2035 691 ,
2053 645 2173 685 Roch·

166 707 216 748 de
228 710 341 748 Curt-
353 708 482 749 eodem
494 705 617 748 tract.
633 707 749 748 verb.
766 707 968 759 onerosum
982 705 1154 763 quaest.6.
1168 733 1180 752 ‚
1195 708 1285 747 Rot.
1299 701 1340 746 in
1353 703 1545 747 Toletana
1560 706 1816 748 Decimarum
1829 705 1877 746 de
1890 703 2167 758 Capillasuper

166 770 344 824 Congrua
359 770 400 807 6.
416 766 523 809 Maii
542 780 558 807 1
568 779 592 818 7
602 780 618 807 1
628 768 670 809 8.
686 766 990 816 §.Sententiam,
1003 781 1138 808 coram
1153 769 1202 808 R.
1218 770 1262 807 Ρ.
1280 770 1334 808 D.
1347 765 1502 818 Fostaro
1519 794 1532 806 .

112 825 232 871 Hanc
247 826 425 870 eandem
439 825 764 871 Conclufionem
782 827 936 895 probat
949 828 1076 869 etiam
1093 826 1247 869 Textus
1261 826 1302 866 in
1315 837 1396 880 cap.
1410 830 1474 874 De
1489 825 1695 868 Monachis
1716 826 1950 881 depr-aben„
1961 824 2011 868 &
2023 823 2171 881 dignit.

170 887 232 931 ibi
261 913 303 922 -
331 892 395 931 De
408 886 614 930 Monachis
630 915 647 937 ,
659 886 729 944 qui
743 887 915 931 Vicaries
933 885 1219 928 Parochialium
1232 886 1483 942 Ecclesiarum
1493 897 1709 943 gravant,
1726 898 1771 927 ut
1789 887 2094 941 hospitalitatem
2108 896 2170 927 te-

173 960 265 990 nere
281 963 353 990 non
360 946 520 1005 posp'nss
549 961 635 990 eam
658 947 959 1003 providentiam
973 947 1145 994 habeas,
1177 947 1282 1002 quod
1303 947 1359 987 ad
1372 946 1713 1002 praefintationem
1728 947 2009 989 Monachorum
2026 945 2172 987 nullum

176 1007 340 1062 recipias
354 1035 369 1056 ,
392 1006 469 1060 nist
482 1018 639 1050 tantum
657 1021 692 1049 et
686 1007 752 1050 de
758 1008 1021 1062 proventibus
1038 1006 1209 1061 Ecclesia
1223 1020 1351 1046 coram
1368 1007 1552 1060 tefuerit
1567 1007 1794 1066 affignatum
1809 1036 1823 1056 ,
1854 1007 1982 1049 unde
1962 1022 2061 1060 jura
2079 1004 2175 1059 Epi-

161 1066 454 1125 scopaliapfft
462 1067 691 1122 petstlvere
708 1096 722 1117 ‚
746 1067 796 1111 &-
812 1082 1071 1123 congruam
1019 1066 1071 1119 s
1058 1065 1344 1119 stentationem
1358 1066 1502 1107 habere
1527 1069 1734 1124 --ibique
1746 1067 1859 1116 Ahh„
1876 1072 2003 1110 Anan.
1992 1094 2020 1115 .,
2040 1069 2155 1106 Butr.
2144 1093 2175 1114 .,

177 1127 344 1176 Ganzal.
357 1155 372 1176 ,
384 1128 542 1181 Barbos-
557 1145 569 1174 ;
586 1125 767 1184 Idipsum
782 1128 976 1170 statutum
993 1125 1073 1168 fuit
1090 1126 1141 1168 ab
1158 1126 1411 1170 Innocentio
1427 1125 1530 1168 111.
1514 1139 1555 1167 tn
1570 1139 1651 1181 cap.
1674 1128 1932 1181 Extirpandae
1945 1129 2074 1168 eodem
2087 1126 2174 1174 tit.,

174 1185 239 1228 ibi
268 1211 309 1221 --
339 1187 596 1242 Extirpandae
609 1187 894 1241 consuetudinis
907 1186 1056 1230 vitium
1070 1186 1112 1227 in
1122 1185 1351 1242 quibusdam
1362 1187 1546 1240 partibus
1562 1185 1730 1228 inolevit
1746 1215 1765 1236 ,ν
1775 1188 1880 1242 quod
1881 1187 2036 1240 scilicet
2053 1190 2174 1227 Paro-

175 1245 360 1288 chialium
375 1248 628 1304 Ecclesiae-um
650 1248 820 1289 Patroni
840 1275 854 1296 ‚
886 1246 935 1291 ό
950 1247 1035 1288 alia
1062 1246 1240 1302 quaedam
1255 1246 1454 1299 Persona,
1475 1258 1697 1301 proventus
1713 1247 1882 1300 ipsarum
1901 1247 1981 1301 sibi
1998 1246 2175 1300 poenitus

178 1306 435 1349 vendicantes
452 1336 466 1356 ‚
493 1307 739 1367 Presbyter-is
752 1308 974 1351 earumdem
981 1307 1177 1360 servitus
1201 1306 1401 1360 deputatis
1417 1335 1430 1355 ‚
1460 1306 1687 1362 relinquunt
1704 1307 1800 1348 adeo
1819 1306 2010 1362 exiguam
2020 1307 2172 1360 portio-

179 1379 267 1407 nem
279 1394 294 1415 ‚
305 1368 469 1423 quodex
484 1381 531 1408 ea
548 1377 744 1424 nequeant
769 1367 935 1425 congrue
949 1366 1170 1421 sustentari
1183 1394 1198 1415 ,
1230 1381 1325 1408 nam
1344 1372 1361 1420 (
1381 1377 1424 1407 ut
1430 1379 1503 1421 pro
1515 1377 1620 1408 certo
1639 1366 1906 1420 didicimus)
1891 1380 1933 1407 in
1946 1367 2175 1421 quibusdam

173 1425 404 1482 Regiom'bus
424 1428 670 1473 parochiales
685 1427 910 1486 Presbyteri
913 1442 990 1483 pro
992 1427 1072 1481 sua
1089 1423 1375 1480 sustentatione
1400 1442 1473 1468 non
1485 1427 1691 1475 obtinent,
1716 1427 1794 1483 nisi
1802 1438 1992 1483 quartam
2008 1436 2176 1481 quartae,

172 1484 433 1538 idestsextam
450 1488 637 1529 decimam
650 1487 917 1534 decimarum
950 1488 1064 1531 Unde
1065 1488 1126 1542 fit
1141 1498 1184 1528 ut
1201 1486 1242 1528 in
1254 1487 1316 1528 his
1332 1486 1565 1542 Regionibus
1578 1500 1676 1542 pene
1701 1488 1828 1528 nullus
1853 1486 2088 1528 inveniatur
2103 1490 2178 1528 Sa-

172 1546 304 1587 cerdos
330 1548 570 1589 Parochialis
585 1576 599 1597 ,
621 1561 690 1604 qui
685 1547 827 1589 ullam
844 1577 858 1597 ‚
870 1548 943 1590 vel
953 1549 1144 1590 modicam
1160 1547 1302 1589 habeat
1312 1546 1504 1601 peritiam
1512 1547 1753 1593 literarum3
1786 1547 1885 1589 Cum
1903 1547 2032 1604 igitur
2051 1563 2092 1587 os
2110 1547 2178 1588 bo-

170 1605 245 1646 vis
253 1606 374 1664 ligari
381 1622 455 1649 non
470 1608 607 1650 debeat
618 1608 857 1651 triturantis
871 1609 966 1662 ‚sed
974 1607 1045 1665 qui
1059 1608 1193 1650 Altam
1188 1607 1365 1660 servit
1381 1607 1428 1647 de
1441 1607 1579 1649 Altari
1594 1607 1744 1648 vivere
1760 1607 1902 1649 debeat
1917 1636 1930 1656 ,
1936 1606 2172 1660 statuimus,

177 1675 223 1708 ut
233 1671 250 1719 (
262 1668 529 1720 consuetudine
538 1669 715 1723 qualibet
729 1669 899 1722 Episcopi
915 1697 930 1718 ‚
943 1669 1016 1710 vel
1028 1667 1196 1711 Patroni
1207 1695 1225 1716 ‚
1239 1668 1316 1721 stu
1332 1668 1539 1718 cujuslibet
1554 1668 1719 1710 alterius
1737 1682 1810 1708 non
1833 1668 2033 1720 obstante)
2049 1669 2179 1721 portio

176 1727 423 1785 Presbyter-is
437 1727 585 1785 ipss
533 1728 585 1781 s
573 1727 729 1782 fficiens
743 1728 948 1786 afflgnetur
983 1754 1024 1763 --
1055 1728 1223 1782 Qibus
1239 1725 1474 1770 consonant
1499 1725 1715 1784 dispofitio
1732 1727 1922 1770 Concilii
1936 1728 2175 1770 Tridentini

177 1799 260 1854 cap.
266 1799 306 1854 7
311 1788 358 1839 s
347 1787 410 1840 fi
415 1801 454 1837 7.
470 1789 518 1830 de
530 1789 686 1841 refirm-
701 1817 715 1838 ,
735 1792 777 1832 &
794 1789 1053 1837 Constitutio
1074 1789 1115 1830 S.
1131 1788 1260 1831 PiiV.
1276 1789 1478 1846 incipIcn.
1465 1788 1554 1831 .Ad
1565 1788 1851 1844 Exequendum
1879 1789 1922 1832 in
1936 1788 2088 1830 Bullar.
2103 1804 2180 1831 ve-

182 1845 260 1888 teri
269 1846 310 1888 in
327 1848 476 1890 ordine
492 1849 532 1889 la
550 1853 623 1902 46.
639 1849 694 1891 dc
709 1863 792 1907 qua
808 1848 914 1892 infra
931 1855 1024 1892 Par.
1039 1851 1104 1891 VI.

119 1916 159 1947 ι.
216 1905 342 1950 Ratio
366 1920 504 1953 autem
533 1906 772 1965 supradicta:
781 1908 1079 1958 conclusionis
1096 1908 1152 1952 est
1166 1937 1180 1958 ,
1198 1908 1248 1951 ηὲ
1265 1883 1487 1958 Redones,
1501 1905 1570 1951 seu
1585 1909 1746 1953 Vicarii
1762 1907 1918 1952 Eccles
1921 1922 2033 1951 arum
2053 1910 2181 1953 Paro-

176 1966 405 2035 cbialium
391 1969 544 2011 intenti
562 1969 614 2011 ad
631 1969 943 2026 quaerendumi
918 1968 990 2017 fibi
1007 1970 1177 2017 victum,
1196 1968 1392 2011 deserant
1407 1981 1548 2011 curam
1559 1970 1803 2013 Animarum
1824 1998 1838 2019 ‚
1853 1970 1922 2012 vel
1937 1970 2019 2012 alia
2035 1968 2105 2025 ipfi
2093 1971 2179 2013 iob

177 2027 344 2069 nimiam
356 2029 611 2084 egestatem
598 2042 642 2070 m
656 2028 730 2071 ina
745 2029 980 2071 exercenda
993 2031 1294 2076 committant,
1313 2042 1406 2085 quae
1417 2030 1685 2072 committere
1703 2043 1788 2072 non
1805 2031 1996 2079 debent,
2021 2029 2103 2072 five
2128 2032 2180 2073 ne

175 2086 303 2129 etiam
321 2087 380 2130 ob
397 2089 632 2143 praedie'tam
651 2088 921 2146 egestatemi
897 2088 971 2130 fint
988 2089 1192 2131 ludubrio
1209 2087 1303 2144 ipfis
1321 2088 1622 2138 parochianis,
1652 2104 1763 2146 quos
1780 2103 1980 2131 coercere
1981 2057 2151 2132 debent
2166 2121 2183 2143 ,

176 2146 249 2190 δι
232 2161 255 2189 a
273 2147 428 2204 quibus
445 2149 603 2191 debent
616 2150 825 2191 revereri.
855 2149 983 2190 Unde
999 2148 1213 2205 affignatio
1228 2145 1483 2200 hujusmodi
1495 2163 1693 2205 congtuae
1722 2150 1865 2205 potius
1885 2152 2106 2192 concernit
2122 2153 2184 2194 in-

177 2205 323 2249 tereffe
336 2209 507 2250 Ordinis
524 2209 807 2251 Parochorum
823 2237 836 2258 ,
871 2211 910 2252 &
929 2222 1036 2251 curae
1055 2210 1297 2252 Animarum
1313 2236 1327 2257 ‚
1344 2209 1471 2265 quam
1492 2209 1623 2265 ipsius
1638 2210 1841 2256 Parochi·
1873 2210 2048 2253 Adeout
2069 2210 2094 2253 fi
2110 2214 2185 2254 Pa-

177 2268 333 2314 rochus
349 2296 363 2316 ,
393 2280 464 2311 aut
481 2270 674 2310 vicarius
701 2267 890 2312 Ecclesiae
905 2269 1165 2312 Parochialis
1190 2269 1314 2312 unitae
1333 2269 1591 2313 Monasterio
1621 2282 1869 2326 acceptaret
1882 2282 2054 2323 tenuem
2080 2286 2184 2314 con-

179 2339 325 2428 {mam
340 2355 353 2376 ,
386 2326 620 2379 hujusmodi
637 2330 876 2385 acceptatio
891 2329 933 2372 in
966 2329 1079 2372 nulla
1094 2330 1274 2372 deberet
1290 2330 1438 2372 haberi
1454 2330 1820 2379 confidetationc,
1810 2347 1818 2355 ·
1848 2329 1927 2379 sed
1937 2345 1985 2378 ea
2003 2346 2086 2380 non
2099 2333 2182 2374 ob-

214 2400 311 2431 ante
323 2416 337 2436 ,
352 2388 487 2431 adhuc
501 2390 736 2439 Parochus,
759 2388 839 2432 five
853 2391 1047 2435 Vicarius
1064 2389 1323 2446 praetendere
1338 2388 1471 2446 posset
1487 2418 1501 2439 ,
1529 2403 1580 2434 ut
1612 2390 1684 2434 fibi
1706 2405 1780 2447 per
1810 2390 1900 2443 ejus
1921 2389 2185 2436 sustentatio..

184 2459 237 2489 ne
252 2447 470 2505 affignetur
485 2447 686 2493 sufficiens
698 2478 712 2499 ‚
739 2453 779 2492 δι
793 2463 984 2506 congrua
1005 2451 1148 2507 portio
1168 2450 1223 2494 de
1238 2450 1478 2493 redditibus
1495 2449 1680 2502 ejusdem
1697 2451 1996 2494 Patochialis.
2022 2453 2181 2507 Barbos.

180 2505 222 2548 in
235 2519 318 2562 cap.
322 2512 383 2550 De
400 2510 606 2550 Monachis
619 2510 843 2563 deprehen
856 2509 906 2554 ό·
925 2511 1067 2567 dignit
1079 2524 1120 2551 m
1118 2511 1198 2566 fin
1187 2538 1216 2558 .,
1227 2513 1383 2552 Lotter.
1394 2512 1442 2552 de
1456 2525 1500 2552 re
1513 2511 1636 2566 benefi
1651 2512 1718 2553 lib.
1727 2525 1765 2554 2.
1775 2511 1904 2567 quast.
1915 2525 1928 2551 1
1942 2526 1980 2553 2.
1994 2527 2097 2553 num.
2105 2527 2178 2563 25.

127 2582 138 2587 ’
180 2568 302 2609 eard.
315 2568 363 2608 de
377 2572 466 2610 Luc.
481 2570 528 2610 de
539 2570 701 2611 Paroch.
711 2571 752 2610 di
770 2583 829 2622 c.3
807 2583 879 2622 3.9
893 2585 999 2612 num.
1002 2572 1058 2619 8.,
1072 2570 1262 2613 Gratian.
1276 2571 1315 2611 d
1303 2570 1432 2626 fiept
1437 2584 1539 2623 399.
1549 2587 1654 2615 num.
1664 2586 1679 2613 1
1691 2585 1731 2626 3.
1744 2572 1874 2629 ibique
1885 2572 2016 2615 carol.
2032 2579 2176 2617 anton.

112 2664 121 2666 ,,
180 2626 340 2670 deLuca
357 2642 460 2670 num.
466 2641 504 2679 7.
493 2657 522 2677 .,
536 2628 767 2685 Pignattell.
777 2632 935 2683 consult.
956 2645 1055 2684 1²7·
1068 2645 1175 2672 num.
1181 2644 1220 2671 2.
1234 2641 1329 2678 tom
1333 2645 1374 2681 4.

111 2685 278 2743 .Qoad
289 2688 478 2733 eamdem
494 2689 820 2737 conclusionem
840 2689 1071 2752 sequentes
1087 2693 1376 2738 examinantur
1389 2689 1506 2752 casps
1521 2722 1533 2736 .

2007 3442 2187 3489 ARGU-
