2392 3736
0 3254 5 3278 ,ι
55 3235 92 3277 ÷8
122 3244 252 3276 tamen
267 3235 349 3277 &c-
379 3247 421 3280 Ξ

1 3314 6 3325 «
56 3283 61 3334 ἶ.
123 3295 314 3335 tribuens
333 3295 559 3352 unicuique
578 3296 640 3347 jus
659 3299 700 3336 in
719 3294 896 3338 solidum
915 3301 1063 3345 ,ὅτευ-

622 30 731 143 ¹De:
743 75 1270 168 Jurepatron‘atus
1291 80 1425 145 Par.
1446 81 1578 147 vr.
1624 115 1626 119 ·
1647 115 1652 122 -
1713 132 1720 135 „
1748 90 1752 132 ι

126 189 436 248 defi-cudentibus
449 187 649 247 legitimis,
665 188 715 231 ὰ
730 186 996 236 naturalibus,
1009 188 1060 231 &-

124 254 230 296 alias
258 251 491 305 adfhrmam
503 248 776 290 ordinatorum
783 259 858 301 per
870 247 1059 290 dietam

122 312 378 366 Testatricem
410 323 452 354 e:
482 310 546 351 Ac
563 320 786 364 propterea
803 307 952 348 relatio
976 317 1058 347 tam

126 371 355 430 generalis,
368 373 409 413 &
425 366 647 411 indefinita
664 380 750 410 non
761 366 1060 423 patitur,quod

123 432 392 486 restringatur
407 428 462 471 ad
475 429 589 470 dotis
604 427 940 486 quantitatem‚&
959 438 1062 468 one-

120 505 167 535 ra
181 490 362 542 injuncta
372 487 637 545 cappellano
656 515 670 536 ,
701 486 772 529 sed
783 486 966 528 retinere
983 485 1060 526 de-

123 552 198 594 bet
214 547 326 592 suam
341 549 571 592 naturalem
584 546 900 604 amplitudinem
915 574 928 594 ,
952 547 1059 586 itaut

122 624 202 667 pro
218 607 511 665 dignoscendo
525 608 580 649 de
592 608 745 666 quibus
759 605 858 647 filiis
875 634 888 655 ,
915 610 954 649 &
981 605 1059 646 de-

121 668 421 713 scendentibus
435 667 693 710 intellexerit
715 667 756 710 in
772 663 1056 708 reservatione

120 727 467 786 §urispatronatus
482 727 776 770 recurrendum
807 724 853 766 fit
869 726 987 783 aeque
1004 723 1058 766 ad

124 787 438 846 dispositionem
452 785 599 830 saetam
616 788 656 829 in
673 786 938 833 testamento,
954 785 1060 826 acin

125 849 338 892 codicillis
353 858 552 905 tanquam
572 846 624 889 ad
641 843 754 889 suum
771 847 949 889 relatum
964 873 979 893 ,
1008 844 1061 885 ab

124 922 262 968 caque
277 908 480 964 capienda
492 907 784 964 interpretatio
802 935 815 955 ,
841 905 979 963 qualis
994 917 1061 945 re-

126 983 227 1013 vera
241 967 368 1011 fuerit
378 967 492 1010 illius
506 967 718 1015 voluntas,
738 970 840 1008 Rota
856 966 897 1006 in
916 973 1060 1007 recent.

123 1028 312 1082 decis287.
326 1038 562 1082 nu.4.par.x
573 1038 612 1077 5.
632 1025 680 1069 ό·
695 1027 1063 1079 deci-‘fi207;nu.23.

118 1100 287 1143 par-19.
314 1087 364 1131 ὁ
379 1087 420 1128 in
434 1087 602 1129 Reatina
604 1086 887 1142 fideicommiffl
908 1086 955 1126 de
971 1083 1064 1125 Vin-

125 1148 292 1189 centim's
324 1159 390 1198 14.
400 1146 550 1190 Martii
571 1159 588 1186 1
598 1158 652 1198 70
663 1159 698 1187 1.
733 1151 771 1194 §-
786 1151 919 1201 Neque
934 1157 1064 1185 coram

123 1207 421 1264 Eminentiffl'mo
434 1210 561 1248 Scotto
575 1235 588 1247 .
613 1203 838 1249 Praesertim
855 1205 955 1262 quia
971 1217 1064 1244 om-

125 1267 238 1309 nium
251 1267 403 1309 clarius
418 1266 502 1308 hoc
519 1263 650 1322 ipsum
666 1265 895 1307 declaravit
923 1264 1064 1304 idem)

124 1325 362 1368 Franciscus
375 1324 542 1368 Landus
563 1327 687 1366 Pater
714 1321 938 1366 Comitissae
954 1323 1062 1377 Hip-

120 1387 284 1443 polytae
298 1411 313 1433 ,
341 1384 416 1440 qui
443 1385 487 1426 in
497 1383 780 1426 controversia
810 1386 898 1425 aCta
912 1393 1062 1424 contra

120 1446 273 1489 tertios
287 1440 531 1499 poffeffores
550 1457 627 1499 pro
646 1445 963 1498 recuperatione
977 1442 1060 1485 bo-

120 1518 269 1548 norum
281 1503 518 1560 Margaritae
527 1503 790 1545 Fundatricis
803 1515 914 1546 anno
932 1515 946 1542 1
957 1502 1059 1543 682.

119 1561 240 1607 falsus
256 1563 335 1605 fuit
350 1563 404 1605 ad
421 1564 503 1606 hoc
519 1560 826 1619 juspatronatus
843 1560 921 1605 effe
934 1575 1062 1604 voca-

117 1635 189 1667 tos
201 1623 506 1671 descendentes
522 1621 728 1666 masculos
746 1623 925 1671 tantum,
939 1626 980 1666 δε
997 1621 1062 1664 le-

115 1685 290 1743 gitimos
308 1683 362 1724 ad
377 1681 554 1726 formam
567 1682 801 1725 testamenti
817 1683 933 1724 diecae
949 1681 1061 1723 Mar-

115 1744 260 1800 garitae
274 1770 288 1790 ,
317 1742 446 1799 quam
478 1742 574 1785 sane
598 1740 895 1785 confeffionem
925 1743 1061 1798 impu-

117 1805 239 1859 gnari
265 1815 352 1845 non
367 1801 478 1858 posse
496 1803 548 1845 ab
564 1801 729 1845 haerede
745 1830 759 1850 ,
785 1801 961 1843 tradidit
986 1803 1061 1843 im

116 1861 255 1918 specie
284 1861 446 1904 Vivian.
478 1863 524 1902 de
537 1862 746 1922 Jurepatr.
763 1874 854 1915 par.
875 1874 911 1902 1.
935 1861 1001 1902 lib.
1017 1874 1060 1911 4.

118 1935 202 1976 cap.
219 1936 262 1971 9.
273 1935 377 1963 num.
398 1934 471 1974 47.
487 1925 578 1964 Rot.
593 1921 634 1962 in
649 1921 868 1974 casce-tana
884 1919 1062 1975 beneficii

120 1993 194 2031 ²7·
210 1980 364 2022 Martii
383 1993 432 2032 ¹7
443 1994 459 2021 1
472 1994 511 2031 5.
538 1986 577 2029 ς.
592 1981 914 2036 Super-accedente
930 1993 1060 2023 coram

116 2041 417 2097 Eminentiffimo
434 2043 562 2082 Scotto
577 2071 590 2083 .

135 2127 141 2133 ·
174 2102 319 2158 Atque
337 2101 362 2143 a
374 2100 523 2143 statuta
549 2099 602 2142 fic
617 2101 843 2143 vocatione
869 2101 923 2143 ad
939 2097 1057 2144 solos

117 2157 424 2202 descendentes
440 2157 643 2203 masculos
676 2160 863 2204 inefficax
880 2174 1055 2216 compe-

116 2220 304 2262 riebatur
315 2220 395 2262 alia
408 2223 601 2276 exceptio
614 2219 734 2262 dueta
744 2223 785 2263 in
799 2221 1054 2263 anteceden-

118 2279 233 2321 tibus
248 2282 468 2322 contrariis
486 2279 774 2323 Decifionibus
788 2281 811 2322 a
824 2280 1055 2336 privilegio

115 2338 236 2381 lineae
251 2367 267 2388 ‚
292 2341 338 2382 in
352 2352 475 2397 quam
505 2337 814 2396 juspatronatus
833 2337 1053 2396 ingressum

112 2396 196 2441 fuit
214 2427 229 2447 ,
246 2412 294 2441 ac
309 2398 337 2441 fi
352 2401 527 2442 vocatio
547 2396 820 2442 masculorum
838 2399 942 2443 fasta
959 2398 1054 2442 fue-

43 2468 46 2514 3
114 2459 169 2500 rit
185 2458 447 2501 distributive
471 2460 513 2500 in
527 2460 715 2517 qualibet
733 2460 841 2501 linea
858 2473 936 2516 pro
950 2472 1056 2501 uno-

44 2515 46 2562 ]
116 2531 292 2576 quoque
306 2517 547 2567 Beneficio,
580 2533 662 2562 non
691 2520 792 2561 vero
825 2519 878 2561 de
895 2532 974 2561 una
1000 2519 1054 2561 ad

0 2612 4 2616 ,,
46 2593 47 2611 1
117 2577 266 2623 aliam3

0 2657 2 2662 ·
46 2674 49 2679 ,
118 2636 310 2680 stributio
332 2639 452 2681 unius
475 2666 489 2686 ‚
518 2639 743 2681 &alterius
759 2639 874 2680 lineae
886 2636 1054 2682 submo-

292 2578 652 2636 Qandoquidem
682 2580 766 2620 haec
798 2576 973 2620 discreta
987 2579 1054 2619 di-

119 2696 296 2739 vebatut
308 2724 323 2745 ,
347 2696 427 2740 five
457 2699 481 2740 a
501 2698 733 2740 testamenti
765 2699 905 2741 verbis
934 2699 993 2741 ibi
1011 2711 1054 2742 τ..-

118 2759 221 2816 Qae
235 2757 427 2812 Beneficia
440 2757 569 2799 voluit
584 2787 598 2807 ,
615 2758 663 2802 ὠ-
680 2758 770 2799 vult
781 2758 851 2815 ff
866 2758 1054 2814 ‘Junspa-

118 2826 303 2857 tronatus
329 2817 686 2871 dillorumsuorum
702 2819 894 2858 heredum
910 2816 992 2860 &aa
1011 2829 1053 2861 ..τ

119 2879 162 2918 &
179 2873 314 2917 rursus
335 2888 375 2919 =
396 2878 516 2938 Qod
526 2877 735 2918 nominatio
753 2906 766 2926 ,
782 2877 830 2920 (θ’
843 2878 1055 2931 prasenta-

51 2966 54 2977 .
119 2935 178 2976 tt'o
193 2937 248 2976 ad
262 2935 369 2976 dic7a
385 2937 573 2991 Beneficia
592 2965 604 2984 ‚
641 2936 689 2980 ἐν
713 2940 767 2978 ad
780 2938 978 2992 quodlibet
992 2954 1054 2980 eo-

53 3012 55 3025 =
121 2995 366 3049 rumspettet
375 3023 390 3044 ,
419 2995 467 3038 όν
476 2995 674 3049 pertineat
685 2998 741 3037 ad
748 2998 872 3039 dirtos
875 2997 970 3050 suos
983 2998 1057 3039 bae-

52 3061 56 3081 ‘=
122 3055 237 3096 redes
252 3083 265 3102 ,
283 3056 400 3095 donec
411 3055 596 3098 vixerint
609 3058 699 3109 ,seu
715 3057 877 3099 vixerit
891 3085 906 3105 ,
917 3055 964 3100 ὠ·
978 3057 1057 3110 post

121 3129 184 3156 eos
199 3115 253 3155 ad
250 3114 364 3169 filios
380 3143 393 3163 ,
421 3115 470 3158 ὁ·
491 3116 755 3169 descendentes
772 3117 965 3157 dictorum
981 3118 1057 3158 ΙΜ-

122 3175 427 3227 redumsuorum
455 3176 568 3230 usque
592 3176 632 3216 in
661 3175 855 3231 infinitum
873 3179 1056 3229 masculos

453 3237 555 3293 Qae
578 3235 705 3278 diedo
736 3250 778 3283 2:
806 3237 1003 3290 quodlibet
1022 3251 1062 3281 ε

58 3371 61 3381 ·
123 3354 369 3397 mulativum
384 3355 583 3411 importat
598 3355 661 3409 jus
676 3370 759 3399 non
772 3356 1058 3408 decrescendi,

0 3428 5 3456 Β
59 3448 63 3468 1

60 3472 63 3489 3

178 3417 280 3455 Part
296 3417 362 3458 VI.

1992 84 2135 165 457

1179 187 1267 229 vel·
1284 187 1352 239 jus
1381 184 1647 230 accrescendi
1676 186 1882 231 resultans
1909 187 2131 238 &conjun-

1178 247 1319 289 &ione
1337 244 1483 288 saltem
1499 248 1660 289 verbali
1677 277 1691 298 ,
1723 260 1767 290 ut
1789 249 2131 291 adnotavit-Rota

1178 305 1222 344 ἰή
1237 317 1383 347 recent.
1399 306 1510 358 decisi
1527 319 1627 358 374.
1639 323 1742 350 num.
1756 321 1799 359 4.
1812 352 1814 354 ,
1828 308 1879 350 ό·
1899 320 1936 357 5.-
1947 320 2038 361 ραν.
2064 320 2132 349 tr.

1182 365 1305 413 Sive,
1321 368 1360 407 &
1377 364 1628 407 manifestius
1645 379 1695 408 ex
1711 368 1895 422 provido
1913 365 2137 418 ejusdem),

1180 424 1444 466 Fundatricis
1459 424 1633 467 confilio
1649 453 1663 474 ,
1690 440 1777 483 quo
1797 427 1839 467 in
1855 427 2128 469 codicillisiin

1180 481 1274 525 casu
1285 483 1504 527 discordiae
1519 481 1683 527 suorum
1698 486 1906 527 haeredum
1924 514 1937 533 ,
1963 483 2031 528 se'u
2050 500 2129 529 eo-

1178 558 1268 586 rnm
1283 542 1626 587 descendentium
1645 543 1770 596 justit,
1788 545 1958 586 nomina
1975 546 2127 587 Sacer-

1177 604 1325 646 dorum
1342 604 1507 647 extrahi
1523 618 1595 660 per
1612 603 1746 647 sortes
1765 620 1775 650 ς
1801 604 1887 645 haec
1917 605 2124 660 inquam

1178 662 1415 713 discordia,
1451 678 1546 722 quae
1577 678 1662 707 non
1679 664 2125 718 minuslorir'rpoterat

1177 724 1220 766 in
1232 725 1373 780 primis
1393 725 1629 767 haeredibus
1644 752 1657 773 ,
1687 724 1812 782 quam
1829 724 1872 765 in
1889 737 2034 765 eorum
2051 724 2128 765 de-

1178 782 1479 827 scendentibus
1507 784 1729 828 evidenter
1748 781 1949 841 patefacit
1974 783 2038 836 jus
2056 797 2132 825 cu-

1180 844 1427 888 mulativum
1455 846 1686 888 eorundem
1716 846 1770 887 ad
1799 856 2025 901 utrumque
2048 844 2127 886 be-

1182 902 1375 946 neficium
1396 934 1410 954 ,
1424 905 1467 948 in
1484 920 1572 963 quo
1585 907 1749 949 tantum
1766 934 1778 954 ,
1796 918 1880 947 non
1898 916 2039 947 autem
2058 904 2131 945 im

1182 961 1407 1007 discretiva
1436 966 1666 1008 vocatione
1697 966 1767 1007 ista
1784 961 1955 1020 praevisa
1971 962 2130 1006 discor-

1183 1022 1253 1064 dia
1267 1022 1366 1066 eiset
1382 1023 1665 1074 verificabilis,
1681 1026 1734 1067 ad
1751 1026 1871 1067 Text.
1889 1024 1932 1065 in
1950 1025 2130 1065 Clemen-

1184 1081 1272 1124 tina
1289 1085 1426 1126 Plures
1440 1087 1487 1125 de
1502 1086 1712 1146 Jurepatr.
1737 1086 1903 1126 Gonzal.
1922 1087 1977 1126 ad
1988 1101 2067 1140 reg.
2089 1085 2129 1124 8.

1183 1143 1296 1202 Gloffi
1310 1157 1382 1196 45.
1400 1159 1504 1186 num.
1525 1147 1594 1194 58.
1609 1145 1658 1188 ό·
1676 1149 1746 1197 64.
1762 1151 1863 1188 Rota
1878 1144 1918 1186 in
1931 1145 2129 1198 Hgfpalen.

1184 1203 1393 1260 divisionis
1396 1205 1640 1260 simultaneae
1655 1218 1696 1256 4.
1707 1205 1824 1264 Junii
1849 1218 1973 1254 1700.
2000 1210 2036 1252 §.
2056 1207 2131 1243 Fa-

1181 1273 1319 1304 tentur
1342 1279 1472 1306 coram
1499 1264 1796 1322 Eminenttffimo
1826 1264 1980 1306 Priola.
2006 1263 2131 1306 Citra

1182 1323 1304 1381 'quod
1334 1323 1414 1376 juri
1441 1325 1504 1368 isti
1530 1325 1788 1367 cumulativo
1821 1325 1966 1381 aliquo
1995 1324 2129 1366 modo

1182 1380 1472 1427 adversaretur
1487 1385 1691 1428 institutio
1711 1385 1921 1427 haeredum
1935 1383 2040 1426 fasta
2052 1399 2130 1440 pro

1181 1443 1411 1486 medietate
1442 1445 1867 1500 proportionabiliter
1882 1473 1895 1493 ,
1927 1449 1967 1487 &
1999 1445 2133 1501 aequis

1179 1504 1531 1560 proportionibus
1551 1533 1565 1552 ,
1599 1505 1691 1548 cum
1723 1518 1771 1547 ea
1802 1502 1992 1561 respiciat
2020 1505 2132 1547 divi-

1180 1563 1306 1606 duam
1319 1562 1656 1606 distributionem
1670 1565 1944 1614 haereditatis',
1962 1579 2045 1608 non
2062 1579 2133 1607 au-

1182 1634 1268 1666 tem
1286 1623 1558 1666 vocationem
1584 1625 1635 1665 ad
1653 1622 1961 1680 juspatronatus
1976 1654 1990 1674 ,
2012 1626 2132 1683 quod

1180 1679 1435 1726 reservatum
1453 1682 1533 1724 fuit
1548 1682 1639 1735 jure
1658 1682 1884 1740 sanguinis,
1899 1690 1938 1728 &
1955 1700 2031 1741 pro
2052 1686 2134 1726 hae-

1179 1742 1369 1791 redibus,
1386 1743 1646 1801 istorumque
1659 1741 2133 1795 descendentibusmul-

1179 1802 1350 1860 lamque
1381 1803 1567 1846 involvit
1593 1804 1774 1860 legalem
1796 1807 2133 1863 repugnantiam,

1181 1863 1301 1920 quod
1321 1863 1417 1920 quis
1430 1874 1610 1905 vocetur
1646 1865 1699 1906 ad
1718 1878 1890 1922 quotam
1913 1867 2132 1909 haeredita-

1180 1924 1235 1965 tis
1256 1950 1270 1970 ,
1291 1925 1330 1965 δι
1348 1920 1542 1964 succedat
1560 1923 1834 1968 nihilominus
1856 1928 1896 1967 in
1914 1938 2009 1968 toto
2023 1926 2133 1977 jure-

1178 1993 1434 2040 patronatus
1453 2011 1467 2031 ,
1492 1994 1540 2024 ut
1557 1983 1715 2026 admisit
1735 1989 1837 2028 Rota
1851 1987 1956 2040 apud
1969 1988 2134 2028 Moder-

1179 2057 1271 2085 num
1291 2047 1454 2084 Roman.
1467 2042 1626 2097 discept.
1644 2045 1857 2098 Eccleſs14.
1873 2060 1912 2088 n.
1918 2061 1940 2100 3
1953 2047 2042 2088 n&
2057 2060 2128 2100 3²·

1179 2102 1229 2145 ὠ·
1255 2102 1296 2143 in
1326 2103 1541 2144 Sulmonen.
1572 2104 1923 2163 Jurispatronatus
1951 2119 1992 2157 3.
2010 2107 2133 2163 ‘’Junii

1183 2174 1233 2213 17
1246 2175 1262 2202 1
1274 2173 1312 2211 5.
1338 2161 1510 2217 §.finali
1520 2176 1598 2203 cor.
1616 2168 1665 2205 R.
1682 2169 1725 2204 P.
1740 2169 1794 2206 D.
1805 2180 1883 2206 meo
1898 2167 2130 2216 Falconerio,

1178 2221 1229 2265 ὼ
1245 2234 1285 2272 4.
1299 2223 1412 2275 Maji
1435 2234 1485 2271 17
1497 2235 1512 2261 1
1523 2226 1562 2262 6.
1602 2227 1641 2269 §.
1655 2224 1987 2283 Qandoquidem
2002 2242 2132 2267 coram

1174 2281 1506 2338 Reverendiffimo
1519 2282 1708 2324 Althann.
1731 2284 2131 2344 Praeterquamquod

1175 2355 1254 2398 pro
1282 2341 1476 2384 tollenda
1518 2354 1788 2400 quacumque
1818 2347 1997 2401 ambage
2031 2345 2133 2389 satis

1178 2413 1268 2444 erat
1289 2402 1579 2444 testamentum
1599 2416 1728 2457 nuper
1747 2417 1958 2446 exaratum
1978 2406 2001 2446 a
2016 2407 2131 2451 dicto

1178 2461 1350 2506 Comite
1368 2458 1588 2503 Francisco
1601 2461 1750 2503 Lando
1766 2491 1777 2510 ,
1795 2464 1837 2503 in
1854 2479 1942 2520 quo
1957 2464 2046 2515 jure
2067 2467 2132 2508 le-

1177 2522 1281 2576 gati,
1297 2522 1502 2577 omnique
1520 2520 1606 2561 alio
1623 2521 1789 2563 meliori
1810 2524 1938 2566 modo
1955 2525 2132 2583 reliquit

1175 2581 1416 2622 Marchioni
1434 2580 1664 2622 Laurentio
1681 2583 1819 2623 omnia
1836 2583 1923 2634 jura
1945 2613 1958 2631 ,
1975 2588 2014 2627 &
2036 2599 2132 2640 per-

1175 2640 1377 2682 tinentias
1390 2638 1674 2697 quascumque
1692 2670 1707 2690 ,
1744 2646 1784 2684 &
1814 2643 2133 2686 haereditaten-12

1174 2701 1248 2743 fibi
1281 2712 1523 2756 perventam
1542 2728 1556 2747 ,
1587 2704 1626 2742 δε
1656 2702 1758 2742 olim
1788 2699 2040 2758 spediantem
2074 2705 2129 2747 ad

1165 2762 1378 2817 Joannem
1397 2761 1567 2801 Paulum
1585 2761 1772 2803 Landum
1794 2791 1806 2809 ,
1835 2760 2006 2819 ejusque
2034 2764 2131 2806 Ma·

1172 2821 1313 2873 jores,
1347 2817 1709 2862 &Anteceffores
1726 2850 1738 2870 ‚
1773 2832 1815 2861 ut
1847 2822 1888 2862 in
1906 2824 2119 2865 Summaerio

1175 2880 1422 2923 Additionali
1435 2880 1680 2921 Marchionis
1703 2897 1804 2922 num.
1819 2895 1858 2933 3.
1880 2883 1961 2924 Vix
1983 2895 2125 2927 autem

1176 2953 1266 2982 erat
1282 2940 1518 2981 dubitabile
1550 2952 1708 2982 tantam
1728 2943 1953 2985 verborum
1971 2945 2124 2999 ampli-

1177 3001 1366 3042 tudinem
1385 2999 1626 3043 transtuliffe
1654 3003 1779 3043 etiam
1796 2998 2121 3056 juspatronatus,

1178 3075 1230 3102 ex
1251 3060 1439 3102 adductis
1474 3074 1548 3116 per
1565 3065 1655 3103 Rot.
1686 3061 1726 3102 in
1745 3074 1891 3103 recent.
1918 3063 2030 3116 decis.
2054 3070 2126 3115 64.

1176 3133 1324 3171 num.7.
1343 3120 1392 3161 ό·
1414 3134 1429 3160 1
1443 3133 1584 3173 1.par.
1607 3134 1672 3171 13.

1235 3183 1329 3222 Nec
1346 3180 1515 3231 majoris
1535 3181 1734 3235 ponderis
1768 3183 1930 3227 detesta
1948 3182 2027 3224 fuit
2049 3184 2130 3226 alia

1182 3239 1621 3295 animadverfio‚quod
1644 3243 1859 3284 Verzusius
1879 3248 2033 3299 primus
2054 3247 2133 3286 hae-

1182 3313 1248 3341 res
1263 3300 1504 3355 Margaritae
1521 3301 1786 3343 Fundatricis
1819 3318 1903 3345 non
1924 3306 2133 3345 curaverit

1187 3360 1296 3418 erigi
1321 3360 1501 3405 alterum
1516 3360 1769 3404 Beneficium
1785 3391 1798 3413 ,
1835 3376 1878 3405 ut
1896 3366 2130 3407 tenebatur;

1612 3421 1659 3465 M
1674 3437 1713 3469 m
1727 3437 1767 3465 m
2005 3422 2132 3463 Unde
