2430 3776
285 158 916 244 DeJurepatronatus
941 157 1076 222 Par.
1099 154 1176 222 V:
1203 157 1364 220 Can.
1383 157 1488 223 IX.
1517 158 1659 223 Cast
1683 161 1731 221 I.

71 267 227 313 ferret,
257 261 330 306 sed
351 276 595 321 procuraret
608 264 684 306 illa
712 265 949 307 Decanatui
966 266 1009 308 in

18 349 27 378 ¹.
72 336 340 384 angmentum
387 323 590 367 fruetuum
638 323 765 366 etiam
826 324 1009 380 propriis

74 383 260 442 expensis
282 386 529 426 auctoritate
558 385 780 426 Ordinaria
796 385 934 432 uniri,
960 397 1009 425 ac

15 438 322 540 *Apostolica
354 442 617 492 confirmari,
643 447 684 486 &
718 446 777 485 ita
806 440 892 498 ipse
920 444 1011 484 De-

9 511 202 549 2f⁴=scanus
242 504 378 554 jurare
413 504 618 552 deberet,
646 515 771 559 prout
812 504 1008 544 Decanus

0 566 11 612 ,’
41 566 176 610 sienne
203 563 390 611 electus,
414 567 454 605 δε
481 563 636 605 deinde
665 561 953 610 Succeffores‚
970 566 1010 605 δε

0 618 65 683 {4
78 626 202 669 etiam
235 622 468 665 Modernus
491 623 709 676 jurarunt.

4 683 6 686 ’
50 683 298 740 1⁸2Etenim
330 683 416 724 haec
443 681 531 725 sola
560 681 863 738 Capitularium
891 681 1013 723 affer-

2 820 7 850 ῖ
46 799 404 858 (temdeservire
435 816 517 844 non
551 803 691 850 valet,
719 802 888 858 quoties
918 799 1013 856 ipfi-

7 875 12 892 *
48 858 162 907 lmet
176 862 445 918 Capitulares
462 862 623 918 optime
646 860 860 903 informati
879 875 1012 919 agno-

5 928 9 978 Ῐ
44 916 231 968 iverunt
251 924 446 964 unionem
472 923 524 964 ab
546 924 605 963 eis
636 933 876 977 exoptatam
902 949 917 968 ,
949 919 1012 962 uti

78 996 163 1026 non
187 980 477 1038 respicientem
502 978 710 1037 praecisam
735 979 925 1023 Ecclefiae
942 992 1014 1022 ne-

2 1055 6 1077 ³·
79 1042 302 1085 ceffitatem
341 1055 425 1090 non
458 1039 570 1097 posse
603 1055 715 1083 mera
734 1041 934 1083 ordinarii
953 1038 1014 1081 fa-

3 1138 5 1140 .
78 1102 242 1145 ⁴cultate
292 1099 476 1142 sustineri
509 1129 522 1149 ,
562 1100 632 1142 sed
671 1113 882 1158 tamquam
919 1110 1014 1140 ten-

4 1159 7 1174 *
52 1159 245 1208 ,dentem
273 1161 327 1202 ad
353 1162 685 1204 commodiorem
731 1158 916 1216 personae
948 1157 1014 1200 su-

4 1237 7 1242 *
54 1222 369 1276 1stentationem
401 1249 415 1270 ,
454 1224 495 1263 &
553 1219 750 1262 decorem
775 1220 1013 1274 indigere)

54 1294 57 1323 3
81 1279 400 1325 confirmatione
429 1280 697 1336 Apostolica,
723 1292 814 1337 quae
846 1277 1013 1320 difficil-

8 1383 9 1387 ,
52 1344 58 1375 '2
81 1343 178 1385 lime
207 1342 480 1397 impetratur,
511 1339 610 1381 ficut
649 1340 755 1380 alter
788 1353 839 1380 ex
871 1339 1014 1380 Deca-

51 1413 55 1448 Ῑ
79 1403 143 1444 m's
171 1398 497 1442 antecessoribus
516 1427 530 1447 ,
561 1400 634 1456 qui
663 1399 797 1440 enixis
814 1427 828 1447 ,
868 1401 908 1440 δε
933 1399 1016 1439 rei-

63 1504 67 1514 ,
80 1461 224 1504 teraris
255 1460 452 1516 precibus
495 1455 614 1515 super
646 1460 802 1501 unione
834 1458 1012 1500 alterius

52 1518 276 1579 [beneficii
308 1531 407 1561 tunc
444 1519 631 1562 vacantis
667 1520 842 1575 petitam
881 1515 1015 1560 facul-

58 1581 211 1632 {tatem
239 1579 408 1621 minime
434 1578 635 1636 consequi
670 1579 811 1634 potuit
839 1589 1014 1634 propter

52 1637 427 1686 :consuetudinem
455 1639 499 1680 in
527 1639 614 1680 illis
640 1637 902 1697 Regionibus
928 1637 1016 1680 exi-

58 1696 253 1744 ‘stentem
296 1696 416 1756 snper
455 1698 693 1741 retentione
732 1699 910 1755 plurium
943 1698 1016 1739 be-

59 1756 64 1758 *
86 1759 332 1804 neficiornm
359 1759 483 1801 etiam
504 1758 557 1800 de
594 1756 653 1799 sui
681 1771 823 1800 natura
852 1759 1015 1800 incom-

51 1817 52 1820 ’
84 1819 350 1878 patibilium,
375 1819 468 1860 clim
496 1832 547 1860 ex
575 1817 742 1860 illorum
776 1817 1013 1859 redditibus

75 1877 324 1924 beneficiati
365 1877 645 1920 abundantius
705 1879 885 1919 habeant
917 1905 932 1926 ,
975 1880 1016 1918 &

20 1984 23 1987 ,
67 1940 288 1997 npraecipue
318 1939 526 1982 Canonici
553 1935 837 1986 Leodienses‚
860 1937 1014 1994 quibus

79 1998 358 2056 'expeculiari
373 1997 544 2040 Indulto
563 1997 836 2040 conferuntur
857 1997 1020 2054 Digna-

27 2109 29 2111 ,
66 2073 152 2103 ‘tes
169 2058 420 2113 Collegiatae
443 2057 574 2099 totius
590 2058 814 2105 Civitatis,
841 2060 880 2099 &
899 2057 1022 2098 Dioe-

23 2123 26 2129 ²
61 2119 219 2173 icefis,
249 2130 374 2175 prout
401 2118 607 2159 moderno
653 2118 828 2158 Decano
862 2116 1019 2158 collata

64 2179 175 2226 fuit,
194 2177 458 2235 praepofitura
484 2175 757 2232 Maseykenfis
779 2177 903 2218 annui
921 2176 1020 2217 red-

68 2239 206 2288 ,ἀίειιε
230 2237 336 2280 scut.
358 2250 484 2288 1500.
519 2239 638 2294 Fagn.
662 2237 704 2278 in
737 2248 815 2290 cap.
843 2235 1020 2289 exposui-

103 2307 110 2327 >¹
129 2299 195 2340 'de
206 2298 457 2353 praeben.sab
480 2311 583 2338 num.
609 2300 651 2336 6.

71 2370 103 2403 5³·
119 2359 376 2404 Nullatenus
397 2355 640 2399 adversante
656 2355 707 2397 ad
725 2354 1018 2398 retardandam

72 2414 386 2461 executionem
413 2417 642 2459 Literarum
681 2415 1018 2471 Apostolicarum

84 2491 143 2526 ,εκ
163 2478 258 2520 facti
288 2475 643 2519 animadverfione
658 2503 671 2522 ,
689 2475 808 2533 quod
826 2477 1019 2516 Decanus

77 2532 199 2582 dieta
226 2537 380 2580 unione
407 2536 546 2578 sraetus
575 2535 776 2591 opinandi
806 2535 919 2576 illius
949 2548 1023 2578 va-

34 2600 37 2607 ²
90 2597 295 2646 liditatem
322 2625 336 2646 ,
369 2609 594 2654 antequam
624 2595 792 2642 nullitas
834 2594 1023 2636 declara-

91 2669 206 2703 ntur
226 2685 240 2706 ,
267 2658 454 2713 potuerit
481 2655 564 2698 rite
589 2683 602 2704 ,
632 2658 672 2697 δι
701 2655 811 2695 reete:
837 2653 1022 2696 excusari

147 2717 406 2775 negligentia
433 2715 678 2758 conferendi
702 2713 810 2755 infra
831 2714 1022 2770 legitima

90 2784 284 2834 [empora
308 2804 321 2824 ,
369 2779 409 2819 &
434 2775 613 2830 proinde
646 2774 806 2830 optime
843 2774 1023 2816 valuerit

40 2870 43 2871 γ
91 2836 446 2894 ostdeclaratam
458 2835 693 2877 nullitatem
710 2832 887 2890 praefatae
905 2835 1025 2876 unio-

89 2901 97 2949 ¹,
124 2898 134 2907 “
188 2897 242 2938 ad
269 2897 445 2938 liberam
471 2894 746 2937 collationem
777 2893 995 2935 devenire.

115 2980 121 2991 ι
150 2956 334 3013 Qando
361 2955 532 3012 quidem
562 2951 707 2997 omiffo
744 2955 956 3001 examine,
985 2956 1027 2996 &

45 3018 53 3062 ᾖ
156 3013 335 3058 cuffione
371 3015 535 3057 articuli
562 3043 576 3063 ,
617 3027 667 3056 an
698 3013 882 3055 collator
906 3012 1026 3069 poffit

93 3071 128 3110 Ἥ
161 3074 371 3117 ⁴firnilibus
409 3074 562 3116 casibus
591 3074 616 3115 a
649 3073 911 3130 negligentia
952 3086 1027 3114 ex-.

49 3134 62 3143 ²*
98 3135 255 3184 '”ari,
286 3134 383 3176 dum
413 3133 526 3176 solus
554 3129 689 3188 lapsus
706 3133 908 3188 temporis
929 3146 1028 3188 ape-

39 3235 43 3238 .
94 3209 97 3217 ¹
119 3194 129 3203 “
176 3195 285 3237 viam
308 3194 479 3236 Summo
506 3191 701 3235 Pontifici
717 3192 848 3234 libere
877 3205 1029 3248 proce-

133 3254 251 3303 ndi,
275 3254 376 3296 licet
403 3253 446 3294 id
477 3253 570 3294 aliis
589 3252 879 3306 Superioribus
902 3253 1030 3293 inter-

61 3314 89 3367 ᾗ·
125 3313 247 3356 -ediis
269 3310 499 3369 permissum
518 3325 603 3353 non
633 3310 771 3361 foret,
798 3313 972 3368 Fagnan.
987 3311 1028 3354 in

88 3370 96 3384 '³
115 3385 181 3428 up.
208 3373 479 3426 diversitatem
506 3385 611 3412 num.
653 3383 719 3421 14.
746 3373 792 3412 de
821 3371 1028 3430 conceffi‘on.

143 3432 256 3474 eben.
295 3433 514 3486 Objeaum
554 3431 747 3474 totaliter
788 3444 1030 3477 removetur

6 746 29 794 ³²1
52 755 61 799 J
76 746 138 787 tio
171 742 224 784 ad
253 742 545 784 deducendam
565 736 766 786 fructuum
804 742 1013 797 exiguita-
1034 791 1036 793 ,

1941 180 1966 220 1
1989 179 2014 239 5
2035 181 2059 240 5

1129 278 1292 314 exeo,
1321 267 1420 323 quia
1448 280 1500 308 ex
1524 267 1730 322 praemiffis
1745 267 1839 314 cum
1868 280 2067 323 appareat

1132 325 1368 368 nullitatem
1398 326 1565 367 unionis
1607 327 1823 369 indubiam
1849 326 1930 373 effe
1949 356 1963 376 ,
1993 341 2068 368 nec

1133 386 1384 428 contrariam
1402 386 1696 428 credulitatem
1710 385 1822 441 poffe
1842 385 2067 443 suffragari,

1131 458 1272 502 eoque
1299 447 1435 486 minus
1467 444 1628 500 ipsimet
1654 446 1831 488 Decano
1849 475 1863 494 ,
1889 448 1960 503 qui
1982 461 2070 488 me-

1130 505 1205 546 dio
1222 504 1456 555 juramento
1470 505 1712 547 inhaerendo
1745 507 1979 561 Capitulari
1996 507 2071 548 de-

1134 575 1253 606 creto
1287 565 1382 607 anni
1412 569 1538 604 1606.
1569 563 1797 620 spopondit
1833 563 2072 606 Confirma-

1134 625 1294 666 tionem
1323 624 1611 680 Apostolicam
1641 637 1858 680 reportare
1874 639 1950 680 pro
1967 625 2071 666 vali-

1137 684 1275 725 danda
1291 690 1494 740 exoptata
1514 684 1695 729 ‚unione3
1731 686 1936 741 quocirca
1952 697 2072 725 cum.»

1134 742 1285 787 fastum
1305 745 1519 799 proprium
1541 757 1624 787 non
1650 744 1958 800 adimpleverit,
1979 743 2074 784 nul-

1132 803 1214 845 lam
1243 802 1523 846 excusationis
1550 801 1712 845 causam
1742 816 1972 860 praetexere
1999 816 2073 845 va-

1132 864 1194 905 let
1228 876 1302 919 per
1332 864 1494 922 Glofflsm
1522 863 1564 903 in
1595 875 1678 918 cap.
1701 864 1889 918 imputari
1919 864 1966 904 de
1996 866 2074 903 Re-

1128 922 1233 978 gulis
1245 922 1354 975 juris
1379 924 1421 964 in
1439 928 1479 963 6.
1500 925 1647 965 Surdus
1674 924 1755 965 dec.
1784 929 1884 965 262,
1914 937 1981 963 nu.
2005 927 2073 962 16.

1134 981 1184 1025 ὅ)
1200 983 1456 1037 sequentibus
1479 1012 1492 1024 .

1192 1041 1422 1099 Multoque
1458 1042 1617 1098 magis,
1648 1047 1746 1100 quia
1777 1046 1821 1085 in
1854 1040 2074 1099 hypothesi

1135 1098 1346 1144 versamur
1362 1103 1471 1143 circa
1488 1104 1662 1157 gratiam
1682 1105 1735 1144 de
1752 1104 1970 1145 Devoluto
1993 1104 2074 1142 im-

1132 1171 1323 1217 petrata,
1352 1174 1437 1203 non
1469 1162 1642 1217 quidem
1676 1160 1750 1204 sub
1781 1161 1867 1204 sola
1906 1159 2075 1217 expres-

1135 1220 1250 1262 fione
1290 1220 1582 1263 devolutionis
1621 1221 1679 1262 ob
1713 1222 2074 1277 negligentiam),

1133 1277 1206 1322 sed
1226 1281 1351 1322 etiam
1372 1277 1444 1322 sub
1473 1281 1673 1336 explicita
1699 1283 1907 1324 narrativa
1923 1278 2075 1321 assertae

1081 1352 1083 1355 ·
1134 1341 1304 1382 unionis
1337 1354 1410 1396 per
1447 1341 1576 1382 verba
1605 1341 1744 1390 clara,
1769 1345 1808 1383 ὃς
1840 1340 2076 1387 manifesta,

1134 1402 1181 1442 in
1201 1402 1355 1457 quibus
1387 1402 1576 1443 terminis
1605 1401 1782 1443 collatio
1808 1399 2076 1455 Apostolica..

1140 1458 1304 1515 semper
1343 1457 1592 1509 sustinetur,
1637 1474 1714 1502 nec
1753 1459 1941 1502 inferiori
1974 1459 2077 1500 licet

1135 1520 1247 1562 ultra
1278 1518 1560 1569 conferre,ut
1590 1520 1750 1575 optime
1764 1518 1900 1562 firmat
1930 1524 2018 1561 Rot.
2036 1517 2078 1558 in

1135 1580 1399 1636 Osnaburgen.
1443 1579 1693 1622 canonicatus
1740 1594 1803 1620 10.
1850 1577 2076 1620 Decembris

1140 1651 1266 1691 1714.
1300 1645 1338 1687 §.
1363 1639 1533 1688 Itidem,
1562 1639 1611 1682 ὠ·
1639 1651 1704 1690 14.
1733 1639 1855 1699 ‘Junii
1887 1650 2015 1690 1715.
2038 1641 2078 1685 §-

1132 1699 1272 1741 Prima
1287 1699 1486 1754 siquidem
1507 1713 1636 1740 coram
1654 1714 1714 1741 me
1729 1730 1742 1741 .

1080 1769 1133 1807 57
1195 1760 1255 1800 Ea
1284 1771 1453 1815 recepta
1482 1759 1506 1800 ὲ
1531 1760 1620 1812 jure
1638 1760 1778 1802 nostro
1803 1759 2081 1806 distinctione,

1136 1819 1256 1876 quod
1287 1831 1358 1860 aut
1386 1820 1527 1874 agitur
1560 1819 1613 1860 de
1642 1819 1946 1876 impedimento
1967 1833 2082 1862 nom

1136 1876 1342 1934 culposo,
1373 1892 1449 1919 nec
1477 1880 1751 1927 voluntario,
1786 1883 1825 1921 &
1853 1891 1951 1921 tunc
1970 1879 2082 1921 bene

1139 1939 1317 1993 impedit
1335 1938 1659 1981 devolutionem
1672 1967 1686 1986 ,
1702 1951 1773 1980 aut
1797 1939 1900 1981 vero
1918 1936 2084 1980 acceffit

1138 1997 1484 2052 impedimentum
1528 1999 1846 2046 voluntarium,
1883 2001 1924 2040 &
1965 1999 2085 2039 inex-

1138 2056 1323 2099 cusabile
1353 2058 1377 2100 a
1409 2058 1560 2113 culpa,
1590 2062 1630 2100 δε
1666 2070 1767 2100 tunc
1812 2058 2048 2100 admittitur
2069 2085 2083 2106 ,

1140 2130 1216 2159 nec
1232 2118 1368 2173 potest
1384 2118 1580 2172 impediri
1605 2118 1833 2162 devolutio
1858 2118 1910 2158 ad
1929 2119 2085 2173 Papam

1137 2191 1212 2233 per
1229 2175 1350 2219 Text.
1369 2177 1410 2217 in
1435 2177 1539 2217 dille
1570 2189 1655 2230 cap.
1722 2179 1788 2218 uia
1808 2177 2086 2230 diversitatem

1138 2238 1186 2278 de
1211 2235 1430 2293 concefflone
1441 2237 1653 2291 praebendae
1669 2265 1683 2285 ‚
1791 2237 2006 2288 observant
2032 2237 2089 2277 ad

1138 2297 1235 2339 dift.
1251 2296 1375 2339 Text.
1398 2298 1646 2338 Innocentius
1676 2297 1753 2349 sub
1798 2311 1902 2338 num.
1931 2309 1971 2345 4.
2004 2299 2090 2338 Ho-

1124 2355 1245 2408 stien.
1274 2370 1380 2398 num.
1409 2358 1450 2397 8.
1483 2357 1615 2399 Abbas
1642 2371 1748 2398 num.
1789 2368 1831 2408 4.
1860 2355 1911 2399 ὢ
1953 2368 1992 2407 5.
2011 2357 2088 2410 sub

1096 2426 1102 2432 ·
1140 2431 1245 2459 num.
1285 2429 1353 2467 14.

1200 2479 1399 2533 Cumque
1430 2476 1632 2518 Decanus
1651 2476 1917 2524 voluntarie,
1945 2474 2090 2517 &cul-

1143 2535 1248 2590 pose
1279 2565 1293 2585 ,
1339 2537 1489 2590 utpote
1535 2537 1635 2592 quia
1673 2536 1875 2578 unionem
1909 2545 2089 2590 exopta-

1141 2596 1214 2636 bat
1245 2594 1446 2637 adhaefive
1487 2598 1683 2637 anteac'tae
1729 2592 1980 2636 resolutioni
2003 2595 2089 2635 Ca-

1142 2656 1311 2710 pitulari
1352 2655 1447 2696 anni
1486 2658 1614 2694 1606.
1649 2654 1721 2695 ubi
1753 2651 1947 2709 specifice
1988 2666 2090 2695 cau-

1143 2727 1231 2757 tum
1272 2713 1408 2756 fuerat
1438 2711 1557 2768 super
1588 2712 1862 2767 beneplacito
1903 2712 2091 2768 Aposto-

1144 2775 1230 2816 lico
1262 2772 1500 2816 obtinendo
1517 2801 1531 2821 ,
1558 2771 1834 2830 eamdemque
1861 2773 2090 2814 unionem,

1145 2835 1388 2890 expleverat
1403 2833 1604 2875 facultate
1621 2832 1859 2880 Ordinaria‚
1880 2830 1976 2875 sane
1998 2833 2089 2876 ullo

1146 2891 1222 2936 sub
1265 2905 1469 2950 praetextu
1512 2895 1624 2934 actus
1675 2889 1911 2944 hujusmodi
1952 2892 2089 2948 potest

1146 2951 1343 2998 sustinere
1371 2981 1386 3002 ,
1429 2966 1566 3010 neque
1593 2952 1683 2994 ullo
1709 2949 1782 2994 sub
1809 2952 1956 2994 colore
1971 2952 2088 2995 illius

1149 3013 1321 3055 nullitas
1355 3011 1539 3056 excusari
1575 3026 1626 3053 ex
1657 3012 1878 3054 cumulatis
1908 3026 1982 3067 per
1999 3018 2089 3055 Rot-

1145 3073 1187 3114 t'n
1203 3074 1333 3128 Asten.
1350 3072 1678 3126 Prioratussuper
1687 3071 1931 3126 pertinentia
1951 3085 1993 3122 7.
2010 3077 2089 3114 De-

1146 3135 1311 3175 cembris
1341 3135 1466 3183 1708.
1484 3133 1612 3187 §·fi'²·
1642 3146 1773 3173 coram
1791 3132 2015 3174 Reverend.
2034 3138 2087 3175 D.

1146 3194 1430 3235 Aldrovando.

1094 3254 1147 3306 58
1211 3256 1366 3310 Neque
1397 3252 1628 3294 attenditur
1656 3252 1856 3300 reflexio,
1887 3251 2005 3306 quod
2028 3252 2089 3292 ni-

1149 3314 1297 3355 mirum
1326 3312 1551 3355 devolutio
1579 3311 1625 3353 fit
1655 3314 1839 3368 poenain
1860 3311 2002 3353 odium
2023 3326 2089 3353 ne.

1150 3374 1354 3429 gligentis
1375 3401 1388 3421 ,
1413 3372 1465 3414 ad
1493 3385 1617 3428 quem
1648 3369 1922 3414 excusandam
1951 3374 2088 3413 omnis

1150 3432 1352 3490 poffibilis
1374 3433 1672 3489 interpretatio
1705 3431 1901 3475 sumenda
1931 3435 2089 3481 veniat,

1657 3493 1698 3533 V
1729 3505 1750 3533 2
2050 3499 2090 3536 &
