2392 3730
247 194 284 257 8
294 193 413 315 {bilis
422 276 589 314 nobilitate
599 275 761 315 Natalium
774 301 784 311 .
809 288 885 323 295.
899 289 936 323 9.

338 324 424 359 Vide
435 324 471 360 in
481 327 571 362 verb·
595 325 819 371 Multiplicum
828 348 840 360 .

511 423 990 464 PAUPERIOR.

244 517 292 554 11.
317 518 527 565 pauperiores
539 519 571 554 in
581 517 802 554 distributione
819 517 932 563 Legati
944 515 1021 552 facti
1045 516 1244 564 Pauperibus

291 564 361 602 sunt
370 567 558 614 praeferendi
569 567 673 603 minus
687 566 883 611 Pauperibus
895 587 906 598 .
931 575 1011 610 190.
1027 575 1080 599 ιο.

502 659 983 697 PAUPERTAS.

244 758 274 792 1.
298 757 474 804 Paupertas
490 756 622 792 Patroni
637 757 806 802 exquibus
822 756 976 800 probetur
987 779 998 791 .
1022 767 1075 792 21.
1095 767 1147 791 ιο.

243 804 286 839 V.
310 808 563 886 Exspaupertate
576 806 755 850 praeterita,
783 815 823 839 an
836 803 1044 850 praesumatur
1068 810 1243 850 Paupertas

288 863 355 898 prae
371 863 438 887 ens.
450 863 513 899 93.
529 863 560 898 ς.

514 947 967 985 PECCATUM.

240 1044 270 1076 1.
294 1045 331 1080 In
344 1041 508 1088 Baptismo
519 1044 645 1081 deletur
668 1052 857 1092 peccatum,
881 1045 918 1080 &
941 1044 1046 1080 omnis
1072 1025 1240 1092 sequela-

284 1091 427 1136 peccati.
455 1092 530 1127 288.
546 1103 600 1126 10.

624 1191 859 1231 POENA.

238 1282 287 1318 11.
311 1282 412 1319 Poena
426 1296 600 1331 numquam
611 1285 754 1322 censetur
766 1287 836 1334 ipso
846 1286 925 1331 Jure
935 1282 1082 1332 impofita
1096 1310 1107 1328 ‚
1125 1284 1180 1322 nifi
1190 1284 1239 1321 le-

286 1342 328 1377 ge
342 1334 538 1376 exprimatur
550 1357 560 1367 .
578 1344 656 1377 150·
669 1347 700 1369 2.
710 1336 745 1370 &
770 1344 889 1381 pag-15
899 1343 927 1368 ι.
942 1339 975 1370 6.

235 1376 285 1411 11.
311 1378 475 1426 Qaelibet
484 1380 648 1414 excusatio
660 1380 772 1416 sufficit
781 1382 822 1416 ad
834 1381 1017 1417 evitandam
1034 1393 1160 1428 poenam
1171 1383 1237 1428 pri-

285 1427 424 1461 vationis
440 1426 605 1468 beneficii,
617 1435 671 1462 aut
686 1427 853 1464 Penfionis
863 1451 874 1462 .
895 1439 980 1474 497.
995 1441 1050 1474 55.

236 1470 282 1507 11.
307 1473 407 1508 Poena
425 1475 598 1520 praesertim
632 1476 821 1521 privationis
850 1477 1020 1512 excusatur
1045 1488 1103 1523 per
1127 1486 1241 1524 quam·

284 1531 423 1567 cumque
437 1524 648 1568 ignorantiam
660 1524 859 1568 probabilem
872 1548 884 1559 .
901 1535 979 1570 2¹4·
991 1535 1027 1570 4.

236 1565 280 1601 ΙΙ.
302 1568 404 1604 Poena
414 1571 603 1615 privationis
616 1571 886 1617 Jurispatronatus
899 1572 997 1607 habet
1009 1573 1114 1608 locum
1133 1573 1163 1607 in
1173 1572 1238 1607 hu-

281 1617 332 1656 jus
345 1617 531 1653 venditione
544 1641 556 1659 ‚
566 1619 600 1654 &
615 1621 779 1665 emptione
794 1644 805 1662 ‚
818 1633 881 1656 non
897 1621 1025 1656 veroin
1051 1623 1121 1662 ejus
1136 1620 1237 1656 dona-

283 1666 373 1699 tione
389 1676 450 1710 pro
460 1678 495 1700 re
507 1668 698 1711 temporali.
713 1680 787 1705 221.
805 1679 856 1703 10.

234 1707 283 1746 11.
308 1715 345 1749 In
356 1713 557 1749 correlativis
568 1725 663 1760 poena
676 1715 823 1761 imposita
851 1717 904 1751 uni
927 1715 1073 1751 censetur
1088 1716 1237 1763 impolita

244 1758 247 1761 ⁴
285 1759 397 1795 alteri.
425 1765 500 1796 226.
517 1774 549 1806 7.

239 1806 286 1842 11.
311 1807 419 1843 Poenae
431 1809 721 1846 contravendentes
733 1834 744 1852 ,
768 1811 804 1847 &
828 1819 971 1845 ementes
993 1811 1057 1856 Jus
1051 1819 1236 1856 patronatus

283 1866 341 1899 per
352 1855 383 1890 se
407 1866 550 1901 quaenam
563 1856 621 1892 fint
634 1882 644 1892 .
663 1871 741 1903 225.
757 1870 787 1904 ς.

236 1899 283 1936 11.
309 1901 450 1938 Tradens
461 1916 528 1940 rem
540 1907 750 1950 temporalem
766 1918 825 1952 pro
836 1906 1056 1942 nominatione
1081 1907 1120 1942 ad
1146 1907 1237 1953 Cap-

281 1951 451 1995 pellaniam
466 1954 622 1988 Laicalem
633 1966 698 1988 non
727 1955 861 1989 incurrit
885 1955 918 1988 in
943 1965 1070 2000 poenam
1086 1954 1235 1991 statutam

280 2006 393 2034 contra
404 1999 601 2036 Simoniacos
611 2025 621 2036 .
635 2013 652 2047 3
659 2014 675 2048 3
683 2005 715 2036 6.
739 2013 792 2037 20.

231 2042 280 2079 11.
305 2044 406 2081 Poena
417 2048 607 2094 privationis
621 2049 775 2084 Beneficii
789 2073 801 2091 ‚
816 2048 982 2087 Penfionis
994 2072 1005 2089 ‚
1026 2049 1073 2096 est
1090 2051 1233 2097 graviffi-

280 2102 332 2128 ma
345 2116 356 2133 ‚
370 2095 405 2130 ἃ
420 2097 633 2142 aequiparatur
645 2099 742 2133 morti
754 2098 856 2133 Civili
869 2121 879 2132 .
890 2109 935 2142 49
943 2112 969 2133 ι.
984 2112 1000 2145 3
1010 2109 1040 2142 5.

232 2137 278 2173 lIt.
302 2141 404 2177 Poena
415 2146 606 2189 privationis
619 2144 798 2185 Beneficii,
810 2155 866 2181 aut
878 2147 1041 2182 Penfionis
1054 2157 1230 2192 numquam

281 2188 449 2225 incurritur
462 2191 532 2236 ipso
543 2192 619 2235 Jure
631 2216 642 2233 ‚
654 2193 711 2227 nifi
725 2193 763 2227 fit
772 2192 848 2234 Jure
858 2195 1000 2240 expressa
1013 2218 1023 2228 .
1048 2205 1130 2239 491.
1150 2199 1205 2240 36.

231 2232 295 2270 ΠΙ.
319 2236 420 2273 Poena
428 2238 646 2275 devolutionis
660 2240 719 2275 fuit
730 2241 915 2276 introdu&a
924 2242 965 2277 ad
987 2242 1203 2286 effugiendam
1218 2267 1229 2283 ,

242 2298 260 2315 z:
275 2284 314 2363 :gt
323 2285 585 2329 compescendam
594 2289 820 2334 negligentiam
834 2289 965 2326 Patroni
987 2291 1019 2325 in
1042 2289 1231 2335 praesentan·

242 2352 245 2354 >
303 2341 326 2365 o
343 2355 354 2366 .
369 2336 401 2368 6.
420 2344 474 2367 12.

232 2373 274 2411 V.
299 2377 354 2412 De
364 2380 522 2424 requisitis
533 2383 707 2418 necessariis
720 2382 759 2418 ad
772 2384 993 2420 incurrendam
1021 2395 1146 2430 poenam
1173 2397 1229 2421 ca-

278 2424 430 2462 ducitatis
442 2427 730 2475 aJurepatronatus
742 2457 753 2473 ,
768 2433 803 2467 δι’
816 2432 891 2467 alias
904 2444 1011 2478 poenas
1025 2434 1043 2467 a
1053 2434 1124 2473 jure
1135 2456 1147 2473 ‚
1174 2435 1228 2469 vel

279 2473 318 2508 ab
332 2473 460 2511 homine
471 2475 605 2511 inflictas
616 2501 626 2512 .
644 2490 721 2524 107.
738 2479 897 2525 12.usque
906 2481 945 2515 ad
963 2491 1014 2521 15.

232 2516 291 2555 VI.
312 2521 409 2559 Poena
419 2525 611 2568 privationis
630 2526 786 2563 trahenda
807 2539 871 2562 non
898 2528 943 2562 est
967 2531 1008 2564 de
1029 2527 1164 2574 persona
1188 2528 1229 2563 ad

277 2568 451 2607 Personam
463 2595 474 2607 .
492 2573 571 2616 458.
583 2585 620 2617 9.

361 2670 824 2714 PENDENTIA
874 2674 1098 2714 LITIS.

230 2759 274 2796 11.
296 2760 473 2816 ‘pendentia
488 2767 566 2802 Litis
579 2765 650 2801 ante
662 2768 864 2802 vacationem
876 2791 887 2808 ,
908 2767 942 2802 δε
970 2769 1040 2807 ejus
1062 2770 1232 2804 continua-

279 2817 347 2850 tio,
362 2823 403 2846 ex
424 2815 540 2858 quibus
551 2815 705 2860 probatur
718 2839 728 2850 .
747 2826 829 2862 4¹3·
854 2826 906 2861 13.
932 2816 967 2851 ὅ(
987 2817 1076 2861 seq.,
1098 2817 1133 2852 ὃ(
1154 2829 1230 2864 pag.

277 2867 318 2902 4¹
326 2863 558 2946 &idginssxctesssg
564 2911 620 2946 Lis
628 2932 640 2945 .

580 3003 884 3042 PENSIO.

230 3091 258 3128 Ι.
282 3093 452 3135 pensiones
465 3109 578 3136 vacant
588 3112 645 3147 per
658 3102 900 3147 promotionem
911 3100 950 3137 ad
975 3100 1201 3149 Episcopatum
1213 3125 1225 3136 .

280 3154 356 3178 201.
375 3155 426 3180 10.

228 3186 275 3223 11.
298 3191 413 3226 Penfio
431 3195 483 3229 uni
495 3204 530 3229 ut
543 3196 675 3231 Clerico
687 3196 835 3242 assignata
850 3209 907 3244 per
921 3196 1138 3235 ContraQum
1151 3197 1226 3233 Ma-

275 3240 416 3275 trimonii
428 3241 544 3277 dicitur
556 3255 669 3278 vacare
681 3268 691 3278 .
717 3249 798 3290 367.
811 3260 847 3291 9.

227 3283 273 3318 11.
299 3285 363 3322 Per
375 3289 625 3326 reservationem
640 3291 794 3336 penfionis
807 3295 898 3339 super
918 3290 1084 3328 Beneficio
1105 3292 1225 3328 Patro-

275 3334 335 3369 nali
350 3357 362 3375 ‚
376 3347 415 3370 an
426 3337 648 3382 praejudicetur
660 3338 802 3380 Patrono
813 3365 824 3375 .
846 3342 929 3387 480.
944 3353 975 3376 2.
987 3364 998 3381 ,
1019 3342 1055 3377 &
1068 3342 1113 3388 48
1121 3353 1149 3375 π.
1168 3351 1220 3376 12.

227 3381 275 3414 11.
298 3380 415 3417 Penfio
426 3395 490 3419 non
502 3384 595 3420 estde
608 3381 767 3421 fructibus
784 3387 1072 3433 jurispatronatus.
1090 3388 1172 3434 480.
1188 3399 1222 3431 3.

227 3425 274 3462 11.
299 3429 351 3463 Ad
372 3430 523 3467 effectum
558 3434 745 3478 reportandi
772 3437 1045 3471 manutentionem
1069 3436 1222 3481 exigendi

225 3523 232 3528 ,
273 3476 462 3515 pensionem
488 3479 600 3516 sufficit
621 3481 712 3516 unica
732 3481 863 3518 exaaio
879 3484 1006 3519 termini
1036 3482 1200 3518 Pensionis
1215 3504 1227 3517 .

742 183 947 251 Index
975 184 1223 252 Rerum
1237 227 1258 258 ,
1313 174 1748 253 &Verborum
1770 219 1792 250 .-

1352 276 1434 322 480.
1446 289 1476 322 5.
1499 277 1628 323 Amplia
1641 285 1676 312 ut
1687 276 1736 312 ibi
1747 279 1781 311 6.

1304 322 1350 361 11.
1373 324 1535 370 Exceptio
1545 325 1698 360 nullitatis
1712 322 1880 360 PenfionIs
1895 321 1943 359 est
1957 322 2132 367 rejicienda
2155 324 2206 361 ad*
2209 326 2304 408 1fieti.
2326 338 2334 344 ·

2244 385 2300 410 mo

1351 374 1522 414 torium,&
1537 372 1652 408 nonest
1668 371 1861 408 attendenda
1872 373 2037 413 injudicio
2048 373 2208 410 summarii

1350 420 1541 456 Poffefforio
1562 420 1602 456 ad
1615 421 1767 456 effectum
1789 419 1970 456 retardandi
1993 421 2188 459 solutionem
2211 419 2299 458 Pen-

1350 468 1444 504 sionis
1455 492 1465 504 .
1501 470 1556 504 81.
1592 492 1603 504 .

1303 515 1351 552 11.
1377 483 1516 557 Penfig,
1542 482 1615 564 qgae
1637 515 1731 552 datur
1753 517 1785 552 in
1809 517 1938 552 titulum
1961 515 2118 553 Beneficii
2144 517 2300 555 reservari

1352 576 1418 599 non
1430 564 1534 611 potest
1546 565 1639 612 super
1651 563 1816 600 Beneficio
1827 564 1988 600 Patronali
2010 565 2127 612 absque
2149 565 2297 604 consensu

1351 612 1508 649 Patroni.
1528 614 1609 658 481.
1625 625 1678 648 10.
1691 612 1730 648 Et
1744 623 1844 659 quare
1856 614 1932 648 vide
1942 611 1992 648 ibi
2003 636 2014 648 .

1304 659 1351 697 11.
1377 661 1430 696 Ad
1446 661 1642 698 validitatem
1653 661 1877 696 reservationis
1887 660 2053 696 Penfionis
2069 685 2080 702 ,
2103 672 2175 708 quae
2187 673 2295 702 non-..2

1352 707 1447 744 datur
1466 711 1498 744 in
1520 710 1647 747 titulum
1672 708 1828 744 Beneficii
1851 719 1916 744 non
1939 710 2112 754 requiritur
2130 710 2297 747 consensus

1351 754 1482 792 Patroni
1494 781 1505 798 ,
1519 756 1573 791 sed
1587 757 1698 793 sufficit
1710 781 1721 797 ‚
1733 755 1822 802 quod
1831 757 1861 791 in
1873 757 1973 803 gratia
1986 756 2210 795 reservationis
2239 756 2298 796 fiat

1352 806 1475 841 mentio
1484 805 1525 839 de
1534 810 1801 861 Jurepatronatus
1815 813 1882 841 tam
1894 803 2006 839 activo
2015 827 2027 846 ‚
2044 805 2138 850 qu'am
2149 807 2273 853 pass'ivo
2285 829 2297 845 ·

1351 851 1429 899 481.
1444 863 1457 886 1
1468 865 1498 888 Ι.
1510 854 1625 895 Limita
1637 863 1672 890 ut
1684 851 1734 889 ihi
1746 877 1758 888 .

1304 897 1350 935 11.
1373 899 1489 936 Penfio
1501 901 1523 935 fi
1535 901 1572 937 fit
1583 902 1675 939 nimis
1688 899 1823 936 onerosa
1833 899 1999 936 Beneficio
2015 900 2120 944 potest
2142 900 2300 948 Patronus

1350 956 1464 992 petere
1487 949 1574 986 illius
1599 948 1824 988 reductionem
1835 973 1848 991 ,
1881 957 1937 984 aut
1961 946 2195 987 Caffationem.
2219 951 2300 998 4⁸¹·

1354 1005 1367 1029 1
1376 1008 1392 1040 3
1399 1020 1409 1030 .

1301 1041 1349 1079 11.
1374 1044 1521 1081 Patrono
1532 1045 1668 1085 debetur¹
1679 1045 1790 1092 penfio
1800 1069 1812 1086 ‚
1823 1044 1847 1080 fi
1860 1046 1890 1081 in
1901 1045 2010 1082 limine
2027 1043 2222 1085 fundationis
2234 1045 2301 1084 Be-

1347 1092 1548 1132 neficiiiilam
1562 1093 1619 1134 fibi
1639 1095 1853 1136 reservaverit
1863 1117 1874 1128 .
1892 1095 1974 1141 482.
1987 1106 2041 1140 15.

1235 1168 1237 1171 ,
1301 1136 1345 1175 ΙῘ.
1371 1141 1432 1175 Per
1444 1140 1569 1178 aetuale
1581 1142 1791 1178 homicidium
1802 1153 1865 1177 non
1877 1143 2034 1178 amittitur
2046 1141 2115 1189 ipso
2127 1141 2300 1190 Jurepen-

1348 1186 1418 1228 fio,
1431 1199 1486 1224 aut
1500 1188 1701 1227 Beneficium
1712 1214 1722 1226 .
1745 1199 1896 1236 493·-41..
1922 1213 1925 1229 .·
1943 1225 1947 1228 .
1970 1230 1972 1232 ,

1300 1232 1344 1272 11.
1369 1234 1486 1272 Penfio
1497 1238 1632 1284 quando
1640 1239 1764 1275 dicatur
1779 1237 1942 1275 reservata
1955 1239 1987 1275 in

1297 1285 2016 1380 11.⁶¹1¹›2;{1⁸0³;0e';25333333122’1‘351333·‚232
2026 1332 2121 1371 η...
2131 1335 2298 1381 ...ψ

1343 1379 1442 1415 tibilis
1451 1383 1671 1428 extinguitur.
1688 1382 1769 1428 483.
1785 1394 1815 1416 2.
1823 1382 1950 1427 Amplia
1965 1390 2000 1417 ut
2011 1383 2055 1418 ibi
2071 1394 2104 1428 3.
2116 1406 2129 1424 ‚
2153 1383 2189 1420 δι
2216 1384 2298 1431 488.

1349 1438 1403 1461 21.
1413 1427 1455 1461 Et
1465 1439 1563 1474 quare
1574 1431 1588 1464 ?
1599 1430 1673 1465 vide
1684 1453 1695 1464 .
1710 1430 1791 1475 484.
1805 1441 1839 1475 4.
1850 1452 1862 1470 ,
1888 1430 2010 1475 &493-
2023 1440 2082 1475 44·

1299 1469 1341 1507 ΙΙ.
1367 1473 1484 1510 Penfio
1497 1499 1508 1516 ‚
1530 1486 1583 1513 aut
1596 1477 1791 1513 Beneficium
1813 1478 1889 1510 licet
1913 1478 2076 1512 amittatur
2097 1487 2155 1522 per
2180 1478 2298 1516 airum-

1346 1522 1492 1566 ptionem
1506 1525 1627 1560 militiae
1638 1524 1796 1568 Principis
1808 1523 1960 1559 saecularis
1976 1535 2042 1560 non
2067 1526 2222 1560 amittitur
2243 1533 2296 1563 ta-

1345 1579 1420 1604 men
1431 1571 1500 1616 ipso
1516 1574 1597 1617 Jure
1609 1584 1668 1618 per
1680 1572 1923 1616 affumptionem
1940 1572 2061 1607 militiae
2075 1571 2198 1608 Summi
2208 1573 2297 1610 Pon·

1344 1617 1441 1652 tificis
1453 1643 1463 1653 .
1474 1621 1553 1666 484
1567 1623 1640 1662 5.&
1666 1621 1729 1666 seq.
1744 1619 1871 1666 &485.
1881 1632 1918 1664 9.
1950 1657 1953 1660 .

1297 1662 1342 1702 Ῑῐ.
1367 1665 1492 1710 Opinio
1502 1692 1513 1708 ,
1525 1670 1559 1704 &
1570 1667 1721 1704 sententia
1732 1674 1822 1713 [ξρετε.
1835 1666 1953 1703 tuentis
1966 1669 1977 1702 ,’
1977 1678 2035 1714 per
2051 1668 2294 1713 assumptionem

1345 1712 1474 1749 Militiae
1489 1715 1667 1755 Pontificiae
1676 1715 1746 1761 ipso
1757 1718 1826 1757 jure
1842 1717 1990 1761 extingui
2003 1714 2194 1761 —penfionem
2204 1739 2217 1758 ‚
2230 1726 2295 1755 non

1347 1759 1392 1795 est
1404 1760 1563 1808 sequenda
1576 1787 1586 1798 .
1599 1765 1680 1810 498.
1695 1767 1751 1809 63.
2064 1795 2066 1798 s
2240 1794 2241 1798 ,

1298 1815 1345 1845 11.
1368 1809 1433 1843 Per
1445 1811 1671 1847 assecutionem
1684 1810 1917 1856 officiiCapitis
1931 1810 2090 1858 Regionis
2106 1810 2222 1855 Urbis,
2255 1824 2295 1851 τι

1347 1859 1530 1893 amittantur
1543 1858 1736 1894 Penfiones.
1757 1859 1840 1905 488.
1859 1869 1915 1904 25.

1298 1902 1342 1941 11.
1368 1905 1483 1941 Penfio
1492 1907 1674 1952 quotuplex
1685 1906 1724 1951 fit
1737 1930 1747 1940 .
1763 1918 1846 1952 490.
1857 1919 1873 1953 3
1883 1919 1913 1942 ι.

1296 1954 1343 1986 Π.
1368 1952 1484 1989 Pensio
1495 1952 1539 1988 est
1547 1954 1625 2000 quid
1635 1954 1796 2000 spirituale
1811 1978 1824 1996 ,
1845 1963 1903 1990 aut

1345 2011 1426 2046 491-
1462 2011 1494 2044 3.
2164 2039 2166 2041 ,
2208 2038 2213 2043 .

1293 2050 1339 2082 Π.
1364 2013 1481 2084 Peni3io
1494 2074 1505 2090 ‚
1517 2061 1581 2096 que
1593 2058 1657 2086 non
1673 2050 1766 2086 datur
1778 2051 1809 2086 in
1817 2051 1946 2087 titulum
1957 2049 2134 2092 Beneficii,
2165 2052 2220 2088 vel
2236 2052 2293 2089 lo-

1341 2107 1381 2132 co
1394 2095 1547 2133 Beneficii
1559 2110 1623 2133 non
1635 2101 1855 2146 extinguitur,
1867 2098 1902 2144 ,fi
1922 2099 2144 2140 Penfionarius
2166 2109 2293 2141 umrffl

1339 2155 1392 2182 tur
1403 2168 1414 2184 ‚
1426 2147 1481 2181 vel
1493 2147 1584 2181 miles
1595 2146 1652 2182 fiat
1663 2171 1673 2181 .
1685 2159 1765 2194 49¹.
1783 2157 1839 2193 34.
2185 2185 2188 2186 γ

1290 2190 1334 2234 11.
1360 2194 1462 2237 Qod
1473 2193 1581 2239 penfio
1592 2205 1656 2230 non
1669 2195 1831 2230 amittatur
1840 2194 1910 2241 ipso
1921 2196 1998 2237 Jure
2023 2206 2080 2239 per
2106 2196 2290 2241 assumptio-

1338 2253 1411 2276 nem
1426 2243 1538 2287 militie
1556 2242 1728 2288 Pontificie
1739 2243 1906 2278 deducitur
1920 2255 1963 2278 ex
1976 2243 2171 2278 resolutione
2192 2243 2290 2290 Sacre

1339 2289 1610 2335 Congregationis
1624 2290 1765 2325 Concilii
1778 2291 1810 2325 in
1821 2292 2016 2325 contrarium
2029 2291 2140 2337 *relata
2148 2314 2162 2333 ,
2184 2292 2220 2328 &
2245 2303 2290 2328 ex

1339 2338 1407 2372 aliis
1419 2362 1429 2372 .
1440 2347 1519 2383 493.
1563 2349 1592 2373 2.
1610 2338 1644 2373 &
1656 2337 1722 2383 seq.
2181 2359 2183 2361 ·

1385 2385 1466 2419 Vide
1479 2387 1510 2419 in
1553 2384 1620 2419 erb.
1634 2385 1779 2423 Clericus
1789 2385 1937 2428 ‚Militia
1949 2409 1962 2428 ,
1981 2384 2127 2436 Pqffesfio
2159 2391 2286 2425 Wro-

1335 2444 1395 2468 nus
1411 2434 1445 2469 in
1455 2443 1575 2481 genere
1585 2456 1596 2468 .

2015 1238 2143 1276 titulum
2164 1216 2299 1276 Benefi-

1926 1944 2083 2001 spirituali
2110 1945 2294 1998 asum.-

1481 2531 2096 2570 PENSIONARIUS.

1289 2622 1331 2659 Π.
1356 2625 1578 2666 Pensionarius
1593 2626 1728 2662 existens
1739 2629 1768 2662 in
1775 2628 1962 2674 possessione
1986 2627 2139 2673 exigendi
2160 2627 2286 2675 penfio·

1338 2685 1410 2710 nem
1423 2675 1467 2709 est
1483 2676 1515 2710 in
1529 2687 1566 2710 ea
1577 2676 1829 2711 manutenendus
1841 2699 1851 2710 .
1877 2676 1960 2722 480.
1972 2684 2004 2717 4.
2246 2710 2250 2712 .

1291 2725 1337 2757 11.
1362 2722 1569 2758 Penfionario
1582 2745 1593 2762 ,
1611 2725 1664 2767 qui
1675 2725 1834 2758 contraxit
1855 2723 2091 2761 matrimonium
2114 2721 2160 2757 est
2185 2723 2286 2758 dene-

1337 2771 1439 2815 ganda
1447 2772 1648 2805 manutentio
1659 2772 1690 2805 in
1703 2771 1888 2816 poffeffione
1899 2771 2051 2816 exigendi
2074 2770 2256 2817 penfiouem
2272 2795 2284 2808 .

1287 2829 1584 2901 11.419’ensi*gnarius
1599 2865 1748 2901 assumens
1763 2867 1906 2901 militiam
1918 2865 2120 2902 pontificiam
2132 2878 2197 2902 non
2211 2868 2283 2904 effi-

1334 2913 1416 2947 citur
1429 2914 1518 2948 miles
1533 2913 1628 2959 seculi
1637 2937 1649 2954 ‚
1662 2913 1715 2949 sed
1727 2915 1865 2960 Ecclefie
1880 2938 1891 2956 ,
1913 2926 1973 2950 nec
1999 2913 2096 2949 habet
2109 2914 2283 2960 Ecclesiam

1336 2971 1396 3005 pro
1409 2960 1562 2996 derelicta
1573 2985 1584 2996 .
1608 2973 1689 3007 494.
1703 2973 1763 3009 47.

1288 3010 1333 3044 11.
1360 3009 1592 3049 Penlionarius,
1607 3019 1643 3043 ut
1654 3011 1772 3055 privari
1787 3010 1889 3056 posset
1907 3008 2057 3055 pensione
2079 3018 2212 3056 propter
2237 3011 2286 3048 as-

1334 3056 1545 3102 sumptionem
1553 3058 1679 3102 milstie,
1693 3059 1864 3104 requiritur
1884 3059 1967 3093 trina
1981 3058 2116 3093 monitio
2127 3080 2140 3098 ‚
2154 3059 2207 3095 vel
2221 3070 2283 3095 una

1335 3116 1397 3150 pro
1410 3106 1509 3140 tribus
1521 3127 1532 3138 .
1542 3116 1625 3151 492.
1642 3116 1698 3150 39.
1710 3107 1745 3141 &
1757 3118 1839 3152 497.
1854 3111 1909 3150 56.
1922 3105 2050 3150 Amplia
2062 3128 2071 3140 .
2084 3115 2163 3149 492.
2174 3116 2233 3149 40.

1285 3149 1329 3186 ΙΙ.
1355 3152 1575 3187 Penfionarius
1584 3163 1650 3187 non
1663 3154 1780 3188 amittit
1797 3153 1865 3198 ipso
1876 3154 1951 3195 Jure
1968 3151 2151 3199 pensionem
2165 3155 2209 3189 ob
2232 3153 2283 3188 as·

1322 3199 1547 3245 sumptionem
1576 3200 1691 3245 militie
1714 3200 1885 3247 Pontificio
1910 3199 2030 3236 etiamfi
2062 3201 2283 3246 potentialiter
2352 3211 2356 3220 ⁴
2382 3199 2385 3218 ³

1331 3247 1497 3283 induceret
1506 3247 1644 3282 animum
1659 3247 1731 3294 seva
1741 3249 1912 3284 exercendi
1925 3272 1935 3283 .
1944 3259 2024 3294 493.
2034 3258 2092 3293 41.

1284 3292 1330 3334 11.
1354 3294 1576 3330 Penfionarius
1598 3296 1750 3331 assumens
1777 3297 1922 3331 militiam
1948 3296 2069 3330 Summi
2093 3294 2282 3336 pontificis,

1329 3355 1372 3378 ex
1387 3344 1501 3388 quibus
1525 3350 1676 3388 arguatur
1700 3355 1763 3378 non
1787 3344 1924 3378 habuisse
1949 3342 2120 3379 Ecclesiam
2141 3354 2202 3390 pro
2225 3342 2284 3378 de-
2330 3377 2332 3381 ,
2353 3379 2357 3382 ,

1327 3390 1441 3427 relicta
1453 3414 1464 3434 ,
1476 3401 1558 3438 494.
1569 3398 1623 3436 45.
1636 3394 1693 3436 46.
1708 3392 1743 3428 ὃ(
1754 3402 1811 3438 47.
1821 3415 1834 3434 ,
1859 3393 1894 3428 &
1913 3394 2007 3439 49⁶·.
2013 3402 2069 3438 54.

2174 3532 2282 3571 aaa·
2350 3548 2357 3581 ·.·
2381 3555 2385 3597 ³

2387 866 2392 892 i

2387 894 2392 915 1

2378 1549 2392 1582 2

2382 1763 2384 1766 ,
