2392 3736
618 93 1251 180 DeJurepatronatus
1272 93 1404 157 Par.
1433 94 1539 158 V1.

128 197 408 249 satisfaciendi
430 199 580 255 legatis
605 198 628 240 ὲ
644 197 683 242 se
699 201 850 242 relictis
866 229 880 250 ,
910 201 942 241 il
956 201 1053 252 resto

125 273 355 306 veramente
381 260 534 302 ditoni
547 258 663 300 imici
675 260 763 300 beni
790 261 832 300 di
843 260 932 316 ogni
935 262 1049 312 star-te

126 325 240 377 luscio
255 351 268 371 ,
285 336 304 362 e
318 318 445 376 voglio
461 347 476 368 ‚
498 320 563 359 che
566 320 631 373 sta
645 319 747 359 della
761 320 875 360 detta
888 321 1046 360 Elem„

127 386 373 434 Soranzoper
383 378 413 418 li
424 378 592 433 benefizi
605 405 618 426 ,
635 379 699 419 che
708 379 753 419 ho
771 389 896 419 avuto
913 379 964 418 da
980 379 1047 426 lei,

126 457 193 485 con
202 439 325 496 questo
335 466 348 486 ‚
361 437 424 478 che
434 436 472 477 Ia
475 437 588 490 sacci
596 437 697 478 tutti
709 438 726 478 i
738 438 829 479 miei
840 437 964 493 legati
977 465 990 485 ‚
1007 441 1048 480 &

123 503 167 544 in
178 497 399 541 Codicillis
424 501 513 552 post
537 497 841 539 Testamentum
868 498 1046 538 exaratis

120 559 269 602 iterum
294 557 553 599 voluntatem
589 556 775 612 expreffit
791 585 804 604 ‚
845 557 962 613 quod
993 556 1047 598 ad

120 618 288 664 Eleuam
304 616 454 672 Campi
474 629 493 666 5
505 628 542 665 5.
560 617 806 658 devenirent
822 632 832 656 :
854 619 955 657 Item
969 631 1047 658 vo-

115 678 196 735 glio
212 705 225 725 ‚
247 676 312 717 che
327 675 391 717 del
403 685 508 716 tutto
524 677 726 717 Madonna
743 675 862 716 Elena
873 679 1044 717 Sor-anzo

118 737 200 779 mia
214 736 351 793 cugina
362 763 378 784 ‚
391 735 514 791 figlia
529 734 570 775 di
583 734 790 788 Crssofaro
795 738 862 790 sia
875 736 1046 788 commis-

110 797 228 851 saria
250 808 324 851 per
341 795 381 836 la
397 795 567 851 maggior
577 805 696 848 parte
712 821 726 842 ‚
754 810 774 836 e
802 795 868 835 che
882 795 996 836 abbia
1015 794 1048 835 il
1066 816 1069 818 v

118 866 225 900 tutto
238 883 254 905 ‚
267 870 287 896 e
289 856 410 910 sopra
425 864 532 896 tutto
552 852 584 894 li
597 854 688 895 miei
703 854 829 908 campi
842 867 860 904 5
873 866 912 904 5.
931 855 1015 898 &ss

145 944 148 948 ,
172 918 289 958 Bona
304 916 442 957 Elenae
457 914 510 955 ad
525 913 628 956 duas
644 913 906 956 devenerunt
919 913 1041 956 fami-

27 1023 29 1029 .
117 976 198 1019 lias
211 1003 227 1024 ‚
242 975 295 1017 ad
308 974 505 1016 familiam
523 974 726 1016 videlicet
742 973 854 1015 Mori
873 1002 886 1022 ,
911 974 980 1015 cui
1002 974 1042 1015 in

11 1042 29 1068 Ἰ
117 1034 322 1078 divisione
350 1035 557 1076 bonorum
583 1034 763 1090 contigit
793 1046 899 1074 onus
929 1033 1044 1075 cele-

28 1099 29 1102 ’
115 1095 325 1138 brationis
342 1090 466 1135 Miffae
483 1107 558 1148 pro
572 1094 706 1134 anima
720 1092 946 1134 Testatoris
961 1121 974 1140 ‚
1000 1096 1039 1134 &

2 1179 5 1187 ι
87 1178 90 1179 ’
116 1154 170 1197 nd
188 1152 386 1197 familiam
404 1153 655 1208 Delphinam
668 1180 680 1200 ‚
696 1165 786 1209 quae
803 1152 844 1193 in
857 1149 898 1192 se
914 1149 1041 1192 susce-

2 1251 5 1259 ,.
110 1215 179 1273 pit
189 1227 295 1256 onus
306 1212 563 1269 adimplendi
577 1211 905 1254 celebrationem
916 1207 1039 1252 Missae

2 1295 6 1326 2
43 1268 48 1276 ’
68 1300 93 1330 2„
114 1275 372 1332 quotidianae
388 1300 402 1321 ‚
426 1273 480 1313 de
495 1284 577 1328 qua
610 1270 903 1312 tantummodo
927 1283 1037 1311 nunc

0 1335 3 1340 ’
23 1357 26 1362 *
111 1335 252 1391 ugitur
275 1346 351 1388 pro
368 1331 501 1373 anima
514 1327 808 1375 Florisdclisae3
836 1343 1038 1386 cumque)

23 1382 25 1393 ¹
61 1410 91 1436 -·ι
109 1391 308 1450 Moyfius
336 1390 591 1447 Barbadigus
631 1387 791 1430 causam
823 1389 983 1431 habens
1013 1390 1039 1431 ἓι

68 1450 83 1457 ”’
104 1448 340 1509 *Delphinis
362 1478 376 1499 ‚
405 1449 524 1502 hujus
551 1449 683 1491 Sacrae
701 1449 1039 1505 Congregationi

102 1503 104 1509 ¹
143 1513 146 1519 '
179 1562 181 1565 Α
211 1511 404 1554 litaverit
428 1523 505 1565 pro
520 1508 763 1550 reductione
777 1510 919 1549 oneris
935 1505 1038 1549 Mis·

155 1571 455 1630 Quotidianae,
480 1582 530 1609 ex
547 1581 634 1625 quo
667 1565 874 1608 sexdecim
894 1567 1038 1608 ducati

158 1676 163 1678 ,
188 1631 367 1679 estatore
386 1628 546 1676 relicti,
573 1626 702 1669 hodie
723 1639 807 1668 non
820 1625 914 1668 sunt
929 1625 1037 1670 suffi-

35 1730 39 1746 2
88 1739 90 1741 ,
127 1736 147 1745 υ,
163 1701 271 1742 ⁶ntes
287 1719 302 1739 ‚
327 1687 517 1744 scriptum
534 1686 612 1728 fuit
628 1701 702 1742 pro
722 1684 1034 1735 informatione,

34 1754 58 1799 ᾗ·
76 1751 78 1753 ’
105 1743 272 1794 =&voto
285 1747 530 1792 Patriarchae
543 1747 810 1788 Venetiarum
827 1774 841 1795 ,
859 1747 934 1804 qui
947 1743 1036 1789 sen·

38 1803 69 1821 ”
106 1806 250 1854 &effe
269 1809 408 1851 locum
426 1807 655 1848 reductioni
673 1835 684 1846 .

72 1867 74 1869 ’
121 1870 125 1872 ’
162 1867 208 1911 Si
219 1868 273 1911 de
286 1868 528 1910 reductione
543 1865 746 1921 agendum
765 1865 820 1908 est
834 1866 885 1907 ad
899 1867 1039 1908 trami-

57 1926 171 1981 ''ssgtes
196 1927 413 1971 ordinariae
438 1926 575 1983 praxis
607 1925 728 1977 hujus
759 1929 888 1969 Sacrae
916 1925 1039 1966 Con-

41 1982 394 2046 -·3‘³gregationis‚
411 1999 495 2028 non
513 1985 678 2027 videtur
697 2013 709 2033 ,
738 1986 854 2042 quod
869 1984 1034 2027 eidema

48 2099 61 2102 ,.
103 2046 187 2092 else
203 2047 343 2092 valeat
361 2047 496 2093 locus,
513 2042 582 2086 sed
601 2045 718 2101 quod
736 2045 787 2086 ab
803 2044 1035 2086 haeredibus

164 2107 380 2164 piendum
408 2105 453 2147 fit
471 2105 546 2153 id,
577 2105 692 2160 quod
704 2105 933 2162 requiritur
956 2118 1034 2159 pro

38 2182 82 2221 -,·‘
103 2163 360 2211 *celebranda
385 2162 501 2206 Miffa
533 2164 779 2221 quotidiana
802 2180 813 2209 ;
843 2163 1035 2205 Testator

40 2224 42 2226 ’
105 2227 220 2270 euim
232 2225 406 2281 incoepit
421 2225 472 2266 ab
489 2236 619 2267 onere
633 2252 647 2272 ‚
662 2226 702 2266 δε
718 2223 874 2265 deinde
891 2225 1037 2265 memi-

38 2311 42 2319 ε
69 2292 73 2293 ’
105 2287 168 2329 nit
184 2282 483 2341 eleemosynae:
517 2286 616 2323 Item
632 2283 762 2339 voglio
766 2283 830 2336 sta
844 2282 1035 2324 celebrato

105 2345 195 2403 ogni
219 2361 319 2387 anno
349 2358 426 2386 una
438 2343 563 2401 Meffa
587 2342 689 2383 nella
716 2343 828 2383 detta
841 2341 973 2395 chiesa
995 2343 1038 2383 dt*

107 2408 148 2448 S·
162 2405 363 2449 Canziano
370 2415 445 2457 per
457 2402 618 2444 l’anima
631 2402 733 2442 della
749 2404 860 2443 detta
880 2401 1036 2443 Fiorde-

5 2455 31 2521 J
108 2465 175 2519 lise
197 2478 269 2521 per
295 2479 346 2505 un
361 2463 566 2504 Sacerdote
594 2462 646 2502 da
673 2461 766 2518 ffr
779 2461 892 2502 eletto
915 2473 989 2514 per
1005 2462 1035 2502 li

8 2526 14 2539 ¹
111 2525 202 2567 niei
215 2521 452 2582 Commtffizrt'
464 2550 477 2570 ‚
504 2521 619 2575 quale
643 2520 732 2562 abbi
744 2520 833 2576 ogni
847 2535 946 2562 anno
962 2522 1037 2562 du-

35 2616 37 2622 .
112 2583 257 2626 uti16
274 2611 286 2624 .
317 2587 357 2626 &
386 2583 428 2623 in
443 2582 519 2623 hac
535 2581 656 2622 Sacra
673 2581 1037 2636 Congregatione,

15 2631 38 2694 {⁸⁵
114 2641 336 2699 reprobata
350 2639 553 2684 sententia
564 2640 703 2682 Beorii
717 2640 757 2681 in
769 2651 851 2694 cap.
857 2641 975 2694 staper
987 2641 1035 2681 li-

16 2700 38 2746 *ss
113 2702 211 2745 teris
225 2703 272 2743 de
292 2700 704 2756 rest-riptis,negantis
721 2699 926 2742 haeredem
946 2699 1038 2756 pos-

19 2773 38 2793 ⁴⁵
113 2760 154 2804 se
168 2762 264 2817 cogi
279 2761 331 2802 ad
346 2758 612 2816 supplendum
629 2788 642 2808 ‚
670 2759 839 2815 quando
851 2759 1041 2803 Testator

114 2820 304 2877 expreffit
343 2823 614 2877 quantitatem
645 2817 918 2875 eleemosynae
963 2834 1039 2875 pro

114 2881 240 2923 Miffis
255 2879 520 2923 celebrandis
534 2908 548 2928 ‚
559 2880 735 2922 invaluit
750 2879 896 2935 opinio
909 2879 1039 2922 Felini

116 2941 160 2981 in
173 2942 303 2981 eodem
317 2939 522 2993 cap-super
536 2939 666 2980 literis
680 2941 728 2980 de
742 2938 952 2993 rescriptis,
968 2939 1042 2996 qui

115 2999 222 3042 dicit
251 3000 329 3041 effe
360 2999 498 3041 locum
520 2997 807 3054 supplemento
823 3027 836 3047 ,
871 2999 1040 3055 quando

113 3062 331 3118 quantitas
341 3057 420 3100 fuit
433 3059 572 3100 reliaa
583 3055 1038 3103 demonstrative3secus

37 3129 43 3165 l
67 3131 89 3161 2
121 3132 258 3161 autem
277 3118 301 3159 fi
319 3119 502 3161 taxative
517 3117 642 3160 fuerit
654 3118 809 3167 relicta,
827 3123 867 3161 &
884 3117 1042 3175 semper

22 3174 43 3215 ‘l
115 3176 362 3221 censendum
377 3178 432 3220 est
444 3206 456 3226 ‚
471 3177 587 3235 quod
603 3180 814 3235 quantitas
827 3176 953 3219 fuerit
969 3178 1046 3220 de-

38 3235 44 3303 fi
115 3238 382 3281 monstrative
402 3238 540 3279 relicta
559 3265 572 3285 ,
591 3238 760 3295 quando
775 3237 965 3280 Testator
979 3241 1044 3279 in-

119 3299 252 3352 coepit
274 3299 325 3340 ab
341 3310 470 3340 onere
484 3325 499 3345 ‚
527 3296 591 3339 uti
621 3297 789 3338 testatur
806 3297 906 3339 bon.
922 3311 1043 3339 mem.

121 3357 303 3401 Carolus
333 3357 386 3400 de
415 3357 588 3402 Vechiis
630 3356 900 3401 meritiffimus
924 3357 1045 3412 hujus

36 2820 40 2878 ἐ

37 2889 40 2918 t

36 2936 41 2981 i

37 2989 42 3017 ι

36 3031 42 3085 ἱ.

1112 393 1133 432 3

1980 117 2109 177 397

1174 206 1265 246 Sac.
1281 205 1646 259 Congregationis
1677 204 1934 247 Secretarius
1960 206 2004 247 in
2034 203 2108 246 suo

1168 259 1363 317 suffragio
1378 261 1569 318 impreffo
1582 265 1693 318 apud
1705 264 1916 322 Chrispin.
1935 267 1983 306 de
1997 265 2109 322 viſst.

1164 320 1494 375 pastoral-para.
1513 326 1576 369 §.1
1587 324 1627 363 8.
1642 327 1726 364 n.6.

1227 379 1284 422 At
1302 382 1474 436 punctus
1491 383 1549 424 est
1563 409 1576 429 ‚
1609 382 1726 438 quod
1745 383 1877 424 Felini
1897 384 2109 427 doctrina)

1169 439 1211 480 in
1224 439 1346 481 Sacra
1360 440 1713 498 Congregatione
1741 453 1910 496 recepta
1938 455 2021 485 non
2036 459 2108 498 ap-

1167 498 1367 553 plicatur,
1386 499 1556 556 quando
1572 513 1623 541 ex
1641 499 1908 541 Testamento
1928 500 2108 543 desumi-

1169 570 1237 599 tur
1251 586 1265 606 ‚
1287 562 1326 600 &
1344 573 1394 600 ex
1410 559 1727 602 circumstantiis
1745 557 2107 614 supplementum..-

1167 617 1239 658 fibi
1257 619 1397 660 locum
1415 618 1628 661 vindicare
1646 632 1730 660 non
1750 617 1879 674 posse,
1892 618 2006 669 juxta
2022 630 2109 660 tra-

1167 677 1256 718 dita
1274 691 1348 732 per
1362 679 1576 720 Monacell.
1593 677 1953 731 infirmul.par.1.
1965 677 2032 720 tit.
2042 692 2057 719 1
2067 693 2108 720 0.

1154 737 1318 789 fiarmul.
1337 750 1402 786 19.
1415 751 1520 778 num.
1543 751 1613 779 22.
1630 738 1763 792 infine
1779 765 1794 786 ‚
1825 750 2005 795 cumque
2034 738 2109 779 ad-

1166 795 1282 836 miffo
1303 797 1345 837 in
1363 795 1550 853 praesenti
1568 811 1703 839 rerum
1720 796 1823 839 statu
1837 795 2106 853 supplemen-

1165 865 1229 904 to,
1250 868 1461 899 remanere
1476 871 1561 900 non
1577 857 1740 914 poffint,
1755 856 1857 899 teste
1869 857 2108 899 Patriarcha

1164 915 1207 954 in
1223 913 1291 955 sua
1303 915 1601 960 informatione
1616 945 1628 965 ‚
1648 919 1690 958 in
1707 917 1949 959 haereditate
1966 917 2106 959 Elenae

1164 973 1227 1014 illi
1244 976 1394 1031 Campi
1416 987 1434 1025 5
1446 988 1488 1026 ς.
1514 990 1624 1033 quos
1640 978 1830 1018 Testator
1847 976 1985 1018 eidem
2006 990 2109 1032 prae-

1164 1032 1326 1090 legavit
1341 1061 1355 1082 ,
1381 1038 1421 1076 &
1452 1036 1496 1076 in
1515 1037 1741 1078 Codicillis
1763 1036 1953 1092 expressit
1973 1036 2107 1077 enixis

1164 1092 1304 1134 verbis
1323 1108 1333 1132 ε
1359 1096 1504 1147 esopra
1518 1106 1625 1137 tutto
1641 1123 1654 1144 ‚
1667 1096 1784 1153 quod
1806 1095 1858 1136 ad
1873 1109 1960 1137 eam
1975 1095 2109 1138 deve-

1165 1152 1254 1192 nire
1270 1151 1478 1194 deberent
1497 1182 1510 1202 ‚
1534 1154 1580 1195 id
1595 1157 1759 1209 operari
1775 1154 2023 1210 potiffimum
2041 1155 2108 1197 vi·

1163 1211 1315 1258 detur,
1348 1223 1392 1252 ut
1412 1239 1425 1259 ‚
1458 1227 1543 1254 non
1562 1214 1750 1255 obstante
1777 1214 1922 1268 regula
1940 1216 1983 1255 in
2003 1228 2108 1257 con-

1162 1271 1331 1313 trarium
1349 1298 1363 1319 ‚
1377 1270 1455 1312 elie
1470 1273 1608 1315 valeat
1628 1272 1749 1314 locus
1763 1273 2007 1314 limitationi
2021 1302 2032 1312 .

1218 1331 1296 1373 His
1329 1331 1531 1374 stantibus
1548 1359 1562 1381 ‚
1593 1332 1878 1389 dignabuntur
1913 1333 1997 1374 EE.
2013 1334 2107 1376 VV.

1165 1390 1395 1432 decernere
1409 1420 1421 1432 .

1218 1452 1281 1491 An
1283 1451 1343 1505 stt
1358 1450 1461 1491 locus
1474 1451 1694 1494 reductioni
1709 1450 1750 1492 t'n
1771 1453 1859 1505 casu
1872 1451 1957 1495 &c-

1220 1509 1437 1565 Negative
1449 1539 1462 1551 .
1664 1531 1665 1534 =

1187 1627 1446 1672 Melevitana
1471 1629 1752 1685 Expofitionis
1770 1628 2006 1674 Sandiiffimi

1462 1690 1720 1732 Sacramenti
1740 1719 1753 1732 .

1397 1821 1440 1861 4.
1457 1809 1662 1850 Februarii
1678 1823 1695 1850 1
1703 1823 1727 1861 7
1738 1821 1754 1848 1
1764 1821 1804 1857 9.

1297 1926 1326 1967 S
1359 1926 1402 1966 U
1431 1926 1476 1967 M
1506 1926 1552 1968 M
1583 1928 1622 1969 A
1653 1928 1687 1970 R
1717 1931 1736 1970 Ι
1765 1928 1807 1968 U
1837 1929 1910 1970 M.

1187 2045 1386 2101 Expositio
1401 2045 1630 2102 Sanefliffl'mt'
1642 2048 1888 2090 Sam-amenti
1899 2049 2006 2104 fieri
2031 2061 2105 2103 po-

1216 2104 1288 2156 test
1303 2105 1344 2146 in
1360 2105 1664 2162 Altaribusfitis
1672 2110 1791 2162 prop?
1800 2111 1949 2161 januas
1970 2110 2104 2150 Eccle-

1206 2167 1365 2219 siarum
1381 2193 1392 2204 .

1186 2224 1386 2278 Episcopus
1395 2224 1600 2278 prohibere
1625 2240 1699 2266 non
1712 2227 1825 2267 debet
1835 2227 1939 2281 fieri
1954 2227 1981 2267 d
2000 2232 2101 2269 Con-

1202 2284 1412 2339 fratribus
1427 2284 1701 2340 expositionem
1717 2286 1946 2344 SanHiffi'mi
1957 2289 2105 2328 Sacra-

1219 2343 1342 2385 menti
1362 2343 1405 2383 in
1418 2357 1550 2385 eorum
1563 2346 1699 2386 Altari
1715 2346 1796 2398 fito
1807 2347 1926 2400 prope*
1932 2347 2105 2397 januam

1215 2404 1476 2457 Ecclesia-sed
1486 2415 1642 2445 tenetur
1649 2405 1867 2459 providere
1880 2407 2103 2460 nesequan-

1218 2475 1286 2506 tur
1301 2472 1619 2504 inconvenientia
1635 2490 1648 2505 .

1355 2591 1488 2638 Seffi13.
1499 2591 1538 2625 de
1552 2591 1722 2627 Eucharist.
1736 2597 1843 2639 cap.6.

1264 2697 1462 2755 Piscopus
1482 2699 1766 2742 Melevitanus
1793 2702 1835 2742 in
1850 2703 1939 2742 ac‘tu
1964 2701 2104 2744 vifica-

1293 2761 1421 2801 tionis
1438 2759 1628 2800 decrevit
1641 2787 1653 2807 ‚
1672 2761 1790 2816 quod
1803 2761 1845 2800 in
1867 2763 2103 2804 Parochiali

1164 2818 1345 2860 Ecclefia
1385 2819 1425 2860 S.
1446 2819 1561 2860 Pauli
1575 2820 1766 2875 Apostoli
1785 2821 1984 2862 Civitatis
2004 2823 2106 2863 Val-

1165 2880 1277 2921 lettae
1306 2878 1397 2921 fieri
1427 2879 1603 2920 deberet
1632 2879 1835 2935 expofitio
1866 2880 2103 2924 Sanctiffimi

1167 2940 1424 2982 Sacramenti
1439 2940 1481 2981 in
1497 2939 1634 2981 Altari
1652 2940 1797 2991 majori
1816 2967 1829 2987 ‚
1862 2943 1901 2982 δε
1932 2942 2103 2982 nonin..

1166 2999 1250 3040 alio
1264 2999 1400 3041 Altari
1428 3000 1667 3053 pertinente
1694 3000 1746 3040 ad
1763 2998 2103 3042 Confraternita-

1165 3071 1250 3100 tem
1278 3059 1318 3100 S.
1334 3059 1556 3101 Michaelis
1574 3059 1828 3116 Archangeli
1858 3061 1900 3100 in
1930 3059 2104 3102 eadem„

1163 3118 1345 3160 Ecclesia
1362 3122 1536 3161 erectam
1554 3134 1565 3163 ς
1586 3132 1766 3175 cumque
1780 3120 2103 3162 reclamantibus

1165 3177 1462 3222 Confratribus
1505 3177 1706 3219 adversus
1737 3178 1819 3220 hoc
1851 3180 2101 3221 decretum„-

1164 3234 1359 3292 scriptum
1371 3237 1423 3278 de
1442 3250 1558 3279 more
1576 3235 1711 3279 fuisset
1725 3236 1933 3294 Episcopo
1948 3253 2023 3294 pro
2039 3241 2102 3281 In-

1164 3295 1420 3339 formatione
1438 3324 1452 3344 ‚
1483 3296 1627 3339 retulit
1642 3296 1727 3353 ipse
1743 3295 1782 3339 se
1801 3295 1937 3340 fecisse
1952 3298 2101 3340 decre-

1166 3368 1252 3399 tum
1284 3354 1402 3414 supra
1418 3369 1688 3400 memoratum
1703 3386 1716 3407 ‚
1745 3371 1795 3400 ex
1823 3372 1910 3417 quo
1930 3359 2100 3402 Altarv

1979 3418 2099 3459 Con-
