2476 3788
278 148 381 238 De
392 174 916 261 Jurepatronatus
934 167 1069 232 Par.
1093 165 1196 231 ΠΙ.
1214 168 1378 230 Can.
1400 163 1580 228 uniC.
1595 161 1738 228 Cas.
1755 167 1834 232 V.
2029 181 2067 228 2
2083 188 2108 229 1

103 286 270 319 uantur
303 290 442 317 canere
461 287 579 315 cantu
589 275 772 331 figurato
795 273 837 315 in
850 273 939 326 casta
954 271 1040 316 &c-

102 337 152 380 ‘b‘
167 337 364 391 quatenus
377 335 618 389 affirmative*
631 364 644 375 .

161 397 324 450 Qintb
354 421 395 429 -
426 399 472 436 In
485 395 623 451 quibus
640 393 932 448 festivitatibus
944 421 959 441 ‚
990 391 1042 435 ὁ·

103 472 176 514 quo
189 458 266 498 loco
283 483 297 504 ,
315 455 364 498 &⁹
379 467 574 512 quatenus
593 455 837 509 affirmative*
850 485 862 496 .

162 516 293 558 Sexto
324 541 366 550 ·-
399 523 458 557 An
472 545 486 564 ‚
516 515 566 558 &⁴
581 531 659 572 qua
679 515 925 570 punHatura
937 543 951 564 ,
967 513 1043 565 stu

102 576 225 632 poenis
243 576 474 629 Beneficiati
484 576 668 630 praediffl
677 580 764 632 fint
775 575 992 618 mulft'andi
1001 574 1044 616 in

102 637 192 690 casu
201 637 444 690 deficientia,
461 636 504 676 in
519 637 606 689 casu
623 636 708 680 &aa

160 697 293 752 Super
309 698 462 754 quibus
478 699 687 740 emanavit
701 695 967 753 rescriptum;
991 695 1046 744 ad

104 756 286 799 Primum
304 757 533 813 Negative*;
552 758 603 799 ad
618 758 872 805 Secundum,
893 759 1050 798 &Ter-

105 817 226 865 tium,
247 818 451 871 Provisum
461 817 502 859 in
512 818 656 872 primm
670 819 723 860 ad
739 820 961 872 Quartum,
979 817 1050 870 Af-

94 875 315 931 firmati-v?
331 892 344 924 ς
358 878 411 919 ad
427 879 631 934 Qiutum
645 907 659 928 ,
676 883 715 922 δι
726 878 914 927 Sextum,
937 877 1051 919 Arbi-

107 936 188 978 trio
203 937 413 978 Ordinaerii
427 968 439 979 .
454 938 728 994 Repropofita
745 938 880 984 Causa
894 938 957 979 die
976 951 996 977 2
1008 949 1049 987 ς.

106 995 307 1054 Januarii
328 1011 343 1038 x
354 1010 378 1048 7
388 1011 403 1037 1
414 997 531 1039 6.sub
546 998 754 1042 consueto
776 1000 1046 1047 Dubio--An,

109 1054 212 1099 &in
224 1057 618 1114 quibussttstandum
634 1089 647 1108 ,
662 1060 736 1101 vel
751 1061 1006 1101 recedendum
1019 1058 1048 1100 d

107 1116 241 1173 decisis
255 1117 332 1169 sub
355 1118 418 1158 die
445 1131 464 1157 2
475 1131 514 1169 3.
535 1119 740 1161 Februarii
758 1131 884 1171 1715.
900 1121 942 1160 in
957 1120 1049 1172 casu

108 1175 194 1220 &a
212 1202 250 1212 --
267 1179 427 1233 prodiit
445 1177 682 1235 responsum
699 1205 735 1214 --
748 1182 793 1220 In
804 1180 936 1235 deciſss
950 1194 1050 1234 quo-

109 1238 167 1278 ad
178 1238 384 1290 caldenses
405 1267 418 1287 ,
438 1238 487 1281 ὠ»
511 1241 640 1296 quoad
649 1240 908 1295 Beneficiatvs
921 1242 1049 1283 S.ca-

109 1297 278 1414 (Ιυὶνὶἴ
293 1325 306 1346 ‚
321 1297 371 1342 ό·
385 1305 426 1344 8.
439 1299 510 1358 70:
532 1299 780 1357 Euangelistae
794 1301 1051 1343 recedendum

110 1371 137 1397 a
173 1370 228 1398 eci
259 1374 278 1398 s
292 1385 306 1398 .

185 1481 917 1540 ARGUMENTUM.

48 1581 308 1638 Existente
369 1585 436 1639 de
477 1602 720 1659 tempore
762 1586 1048 1642 vacationis

117 1660 375 1717 <Beneficii
393 1665 672 1718 Patronalis
688 1664 908 1742 Persona
924 1688 1047 1743 qua-

128 1739 338 1803 lificata,
355 1746 409 1796 ὃζ
427 1743 583 1798 habili
597 1746 661 1799 ad
676 1745 903 1802 formam
920 1751 1051 1802 Fun-

129 1819 381 1882 dationis‚
413 1843 474 1876 an
494 1825 741 1878 Patronus
770 1826 922 1898 poffit
951 1829 1053 1883 dif-

127 1899 267 1954 ferre
296 1899 750 1974 praesentationem
785 1904 944 1982 usque
985 1908 1054 1962 ad

128 1976 380 2035 ultimum
403 1983 544 2036 diem
564 1985 810 2044 termini,
844 1989 1054 2051 utinte-

128 2057 232 2114 rim
250 2058 409 2112 altera
425 2061 644 2115 Persona
665 2083 769 2115 non
790 2065 1054 2136 qualifica-

127 2153 181 2191 ta
199 2173 215 2199 ,
249 2157 404 2213 quam
423 2141 654 2195 intendit
685 2140 1016 2216 praesentare,
1039 2182 1055 2206 ,

131 2217 268 2350 igtra
299 2220 547 2275 eumdem
576 2224 863 2277 terminum
892 2224 1054 2301 quali-

173 2314 348 2352 cetur.

243 2419 870 2470 SUMMARIUM.

93 2543 114 2574 1
145 2535 234 2576 Lex
256 2531 298 2575 in
322 2534 430 2577 omni
452 2536 893 2594 dispofitioneftaudem
908 2543 1058 2586 abomi-

176 2605 296 2635 natur
311 2623 323 2635 .
734 2643 736 2647 ,

89 2665 113 2694 2
145 2654 381 2707 eomparitio
396 2684 410 2705 ‚
458 2656 507 2701 (θ’
538 2659 717 2715 oppositio
741 2661 893 2720 pafflv?
922 2665 1059 2707 vocati

132 2747 134 2749 »
176 2714 410 2784 affimilatur
439 2745 455 2767 ,
499 2718 550 2762 ά·
591 2721 809 2777 aequipollet
849 2725 1063 2781 presenta-

181 2786 277 2817 nom
288 2803 301 2816 .

94 2845 117 2890 3
152 2839 346 2878 Patronus
361 2837 522 2897 differre
549 2855 624 2885 non
646 2841 773 2897 potest
795 2845 1061 2898 praefintasio..

177 2910 265 2936 nem
280 2897 398 2953 usque
418 2900 474 2939 ad
485 2901 665 2943 ultimum
684 2904 787 2945 diem
806 2907 965 2947 termini
977 2935 993 2956 ,
1008 2910 1064 2950 ad

182 2956 357 3013 effiHum
368 2986 383 3007 ,
405 2969 449 2999 ut
464 2958 665 3012 inhabilis,
679 2964 744 3006 boc
756 2966 879 3007 medio
893 2976 1061 3022 tempore

181 3017 434 3068 habilitetur,
449 3018 498 3064 Φ
510 3023 743 3076 prasentari
761 3026 918 3076 valeat,
933 3042 1063 3082 quan-

183 3078 231 3118 do
249 3077 437 3120 habilitas
450 3082 675 3136 requiritur
688 3087 737 3126 de
751 3097 919 3140 tempore
932 3102 1062 3131 vaca-

184 3138 305 3178 tionis
320 3165 334 3187 ,
351 3139 468 3192 ficus
482 3145 530 3198 si
540 3145 774 3199 requiratur
792 3146 839 3186 de
854 3159 1063 3202 tempore,

181 3198 491 3252 praesentationis
505 3230 521 3254 ,
534 3215 606 3248 aut
619 3204 875 3257 iustitutionis
884 3235 900 3259 ,
927 3214 968 3254 δι
987 3225 1065 3255 nu-

184 3271 303 3302 mero
321 3271 364 3312 4.

1415 294 1712 339 CASUS
1772 297 1827 338 V.

1259 387 1467 436 Undavit,
1484 403 1530 431 ac
1548 389 1715 432 dotavit
1738 391 1909 448 quidam
1926 392 2018 448 pius
2032 390 2119 434 Te·->

1290 449 1414 492 stator
1435 449 1688 493 Beneficium
1710 450 1878 508 fimplex
1909 453 1951 495 in
1969 452 2120 495 Eccle-

1173 507 1227 551 fia
1246 510 1307 557 A,
1341 523 1433 551 cum
1451 507 2116 566 reservationeJurispatronatus

1172 569 1295 611 ac‘tivi
1324 568 1472 613 favore
1491 571 1766 628 primogeniti
1783 569 1840 614 sui
1860 574 2011 613 Fratris
2030 600 2043 619 ,
2074 577 2116 616 &

1175 629 1226 670 fic
1258 631 1310 679 de
1332 631 1625 686 Primogenito
1655 633 1698 672 in
1727 633 2114 689 Primogmstwm,

1169 691 1286 747 Juris
1305 690 1406 732 vero
1422 703 1669 746 patronatus
1699 692 1836 747 paffivi
1864 692 2011 735 favore
2040 705 2117 733 eo-

1178 764 1267 791 rum
1290 751 1343 792 de
1364 748 1432 792 sua
1447 749 1626 798 familia,
1649 753 1886 794 ordinando
1901 781 1913 801 ‚
1930 752 2049 809 quod
2065 751 2118 793 ad

1179 809 1419 861 hujusmodi
1450 811 1702 854 Beneficium
1732 809 1893 869 semper
1926 814 2120 854 nomine-

1180 882 1249 911 tur
1268 899 1281 918 ,
1304 885 1351 913 ac
1368 869 1637 926 praesentetur
1656 900 1670 920 ‚
1684 887 1731 914 ac
1748 874 2023 928 provideatur
2040 872 2118 913 ali-

1179 932 1276 986 quis
1295 932 1348 972 de
1364 932 1472 973 dieta
1492 931 1664 980 familia,
1684 938 1723 976 δε
1741 933 1766 973 fi
1781 935 2014 990 contigerit
2032 932 2122 974 nal-

1178 991 1265 1032 lum
1283 993 1456 1046 reperiri
1474 992 1526 1033 de
1549 993 1695 1034 eadem
1713 993 1871 1036 familia
1885 1022 1898 1041 ‚
1925 996 1999 1051 qui
2015 993 2120 1034 velit

1177 1047 1381 1091 inservire
1403 1053 1600 1104 praediCto
1617 1051 1826 1096 Beneficio
1843 1082 1856 1102 ,
1876 1067 1993 1100 tunc,
2009 1057 2049 1095 &
2066 1066 2119 1094 eo

1180 1108 1274 1151 casu
1309 1112 1514 1152 Patronus
1550 1113 1668 1166 poffit
1701 1115 1905 1168 deputare
1933 1115 2122 1171 aliquem

1180 1169 1456 1213 Sacerdotem
1486 1172 1537 1212 ad
1568 1170 1806 1215 servitutem
1836 1172 2018 1225 ejusdem
2042 1176 2124 1214 Be-

1184 1230 1323 1272 neficii
1336 1259 1350 1278 ,
1365 1234 1503 1273 donec
1521 1260 1533 1278 ,
1549 1236 1588 1274 &
1606 1232 1826 1290 quousque
1848 1233 1949 1275 adiit
1967 1234 2126 1290 aliquis

1181 1291 1237 1332 de
1270 1291 1379 1335 dieta
1408 1292 1577 1333 Familia
1591 1320 1604 1340 ‚
1638 1295 1711 1349 qui
1742 1294 1796 1334 de
1822 1307 1875 1335 eo
1905 1294 2125 1349 provideri

1177 1349 1321 1407 poffit.
1355 1354 1518 1394 vacato
1540 1366 1670 1407 nuper
1685 1353 1896 1396 Beneficio
1912 1356 2050 1395 Titius
2069 1354 2123 1395 de

1177 1409 1338 1453 familia
1354 1413 1640 1468 contemplata
1656 1441 1669 1460 ,
1701 1414 1793 1456 ciim
1812 1413 1924 1456 solus
1952 1411 2051 1456 effet
2070 1414 2124 1454 de

1178 1483 1373 1527 tempore
1390 1474 1622 1514 vacationis
1640 1473 1851 1521 Clericus,
1868 1479 1907 1517 &
1925 1473 1972 1515 fic
1990 1487 2121 1527 capax

1176 1532 1404 1574 obtinendi
1424 1533 1661 1587 praediCtum
1675 1533 1929 1575 Beneficium
1946 1548 2120 1590 compa-

1180 1593 1280 1639 ruit,
1301 1596 1341 1635 &
1359 1593 1516 1634 instetit
1532 1607 1674 1636 coram
1692 1595 1939 1642 Ordinatio,
1962 1607 2005 1635 ut
2023 1609 2125 1648 prae·-

1177 1649 1412 1694 sentaretur
1429 1653 1452 1694 a
1472 1655 1654 1695 Patrono
1681 1655 1792 1696 intra
1810 1658 2033 1697 terminum
2057 1651 2133 1697 sex

1178 1711 1342 1754 dierum
1361 1741 1374 1761 ,
1404 1714 1509 1755 alias
1535 1715 1597 1755 eis
1616 1715 1790 1770 elapfis,
1819 1715 1844 1755 fi
1862 1716 2127 1770 praesentatio

1178 1772 1234 1813 de
1253 1769 1290 1814 se
1306 1773 1411 1815 faeta
1438 1788 1522 1816 non
1539 1773 1694 1823 fuerit,
1724 1774 1796 1816 fibi
1815 1776 2129 1826 adjudicaretur

1180 1832 1437 1876 Beneficium
1460 1862 1473 1882 ,
1506 1838 1656 1893 vigore
1688 1834 1850 1891 paffivae
1883 1836 2128 1877 vocationis

1178 1891 1366 1947 ejusdem
1387 1895 1655 1938 Fundatoris.
1689 1896 1898 1938 E'contra
1921 1896 2130 1937 Patronus

1181 1955 1359 2007 cupiens
1375 1952 1622 2009 praesentare
1639 1955 1788 2006 Cajum
1814 1956 1868 1996 de
1889 1956 2037 1997 eadem
2054 1957 2132 1996 Fa-

1181 2012 1298 2054 milia
1313 2042 1327 2062 ,
1361 2015 1436 2070 qui
1468 2014 1521 2056 de
1555 2028 1750 2069 tempore
1776 2016 2011 2057 vacationis
2038 2026 2131 2057 erat

1180 2072 1341 2118 laicus,
1373 2086 1418 2114 ut
1435 2075 1495 2115 ita
1511 2071 1551 2114 se
1567 2076 1792 2116 habilitare
1814 2072 1947 2128 poffct
1962 2103 1976 2123 ‚
2005 2079 2044 2117 δι
2065 2072 2130 2116 su-

1182 2129 1347 2185 scipere
1364 2133 1629 2175 Clericatum
1661 2146 1853 2187 tempore
1881 2134 2012 2176 habili
2030 2163 2042 2183 ‚
2075 2135 2130 2178 ad

1184 2190 1374 2234 effectum
1403 2205 1447 2233 ut
1470 2192 1708 2248 praesentari
1732 2195 1892 2237 valeret
1911 2224 1925 2244 ,
1955 2209 2038 2236 non
2058 2209 2131 2237 cu-

1184 2253 1295 2296 ravit
1311 2250 1522 2308 praefatam
1539 2254 1771 2296 instantiam
1786 2256 1906 2303 Titii,
1924 2253 1994 2296 sed
2012 2270 2130 2297 com-

1183 2314 1323 2368 paruit
1351 2326 1492 2355 coram
1511 2314 1740 2356 Ordinatio
1757 2344 1770 2363 ,
1801 2327 1953 2370 petens
1977 2315 2049 2357 fibi
2069 2317 2132 2359 in-

1184 2372 1366 2428 dulgere
1384 2386 1549 2428 tempus
1564 2374 1586 2415 a
1603 2373 1692 2422 jure
1711 2374 1946 2417 conceffum
1963 2376 2015 2417 ad
2033 2389 2133 2431 prae-

1183 2429 1461 2481 sentandum,
1491 2437 1530 2476 δι
1550 2434 1708 2474 distulit
1739 2433 2132 2490 praesentationem)

1184 2489 1316 2550 usque
1342 2493 1395 2534 ad
1429 2493 1618 2534 ultimum
1644 2494 1758 2535 diem
1788 2496 2133 2552 quadrimestris‚

1184 2567 1272 2610 quo
1289 2549 1554 2608 praeseutavit
1572 2553 1721 2605 Cajum
1738 2582 1752 2602 ,
1781 2557 1855 2612 qui
1872 2557 2131 2600 anteceden-

1184 2624 1250 2655 ter
1267 2613 1527 2657 Clericatum
1544 2610 1739 2669 suscepit,
1757 2618 1796 2658 &
1818 2614 1857 2658 se
1873 2617 2132 2666 habilitavit,

1183 2673 1449 2716 &institutus
1468 2672 1549 2715 fuit
1566 2674 1618 2715 ab
1632 2675 1876 2717 Ordinatio.
1894 2677 2003 2718 Hinc
2018 2691 2133 2734 quae-

1185 2734 1292 2776 titur
1307 2761 1320 2780 ‚
1347 2747 1398 2774 an
1421 2734 1628 2775 Patronus
1645 2735 1846 2777 existente
1863 2735 1916 2777 de
1934 2748 2129 2792 tempore

1185 2793 1423 2837 vacationis
1440 2794 1557 2835 Titio
1573 2794 1748 2836 Clerico
1773 2795 1905 2836 habili
1931 2796 1984 2837 de
2005 2795 2131 2838 fami-

1185 2854 1241 2896 lia
1256 2854 1544 2908 contemplata
1559 2881 1572 2901 ‚
1607 2858 1646 2896 &
1665 2854 1838 2897 instante
1854 2883 1867 2903 ,
1898 2853 2132 2911 utpraesen-

1188 2926 1303 2956 tetur
1321 2942 1335 2962 ,
1364 2915 1551 2969 potuerit
1567 2912 1722 2956 diferre
1740 2914 2133 2969 praesentationem..

1156 2991 1160 2995 ’
1185 2971 1318 3030 usque
1333 2974 1385 3015 ad
1403 2975 1594 3016 ultimum
1611 2974 1723 3016 diem
1743 2975 2131 3032 quadrimestris,ad

1186 3031 1377 3078 effectum
1394 3048 1439 3076 ut
1453 3034 1580 3085 Cajus
1598 3034 1651 3076 de
1668 3035 1814 3077 eadem
1826 3034 1984 3078 familia
2001 3034 2040 3079 se
2057 3038 2130 3079 ha-

1187 3094 1346 3136 bilitari
1359 3123 1370 3143 ‚
1389 3099 1429 3138 δε
1446 3091 1683 3149 praesentari
1699 3094 1896 3150 potuisset
1911 3125 1923 3137 .

1248 3157 1250 3159 ’
1274 3157 1415 3196 Primo
1435 3152 1596 3208 aspectu
1613 3155 1837 3198 dicendum
1857 3157 2025 3199 videtur
2042 3170 2129 3201 non

1187 3213 1364 3273 potuisse
1392 3215 1615 3257 Patronum
1645 3213 1811 3258 differre
1842 3218 1882 3260 in
1916 3219 1996 3259 hoc
2029 3215 2125 3259 casu

1189 3273 1557 3332 praesentationem
1583 3273 1713 3332 usque
1734 3277 1786 3317 ad
1808 3277 1995 3319 ultimum
2013 3277 2131 3321 diem

1191 3336 1388 3384 termini,
1417 3336 1509 3377 cum
1528 3335 1677 3378 dilatio
1699 3339 1783 3378 haec
1803 3337 1996 3381 videatur
2017 3336 2132 3379 frau-

1194 3396 1369 3437 dulenta
1398 3393 1503 3438 fasta
1518 3425 1532 3444 ,
1570 3397 1759 3438 nimirum
1793 3411 1836 3439 ut
1869 3399 1951 3439 hoc
1986 3399 2130 3439 medio

1194 3467 1387 3514 tempore
1403 3456 1533 3510 Cajus
1547 3458 1744 3502 inhabilis
1764 3458 1817 3501 de
1834 3458 2004 3501 Familia
2022 3457 2131 3498 Fun.

2004 3517 2130 3559 dato-
