2392 3730
622 140 839 206 Index
855 137 1104 205 Rerum
1123 150 1142 216 ‘,

128 231 185 273 11(
198 229 286 283 Papa
299 227 470 280 numquam
480 231 616 267 intendit
641 232 847 278 praejudicare
869 230 1044 271 Patronis,
1070 240 1127 267 aut

139 311 142 315 ,
175 283 296 332 passive
307 282 432 320 vocatis
438 279 479 316 ad
494 278 655 336 Beneficia
667 303 680 321 ,
695 280 732 316 &
741 278 792 325 ‚ad
813 278 876 314 alia
890 289 992 324 opera
1002 278 1101 316 Pia...
1114 302 1124 316 .

206 342 221 367 1
229 343 258 368 ι.
298 354 308 365 Ι

130 343 296 424 1105P‘hp2
301 378 332 412 in
346 375 581 422 provisionibus
593 375 794 421 Apostolicis
801 373 883 410 soret
896 373 1022 408 servare
1032 373 1121 419 leges

266 423 339 460 sitas
352 425 384 459 in
395 424 583 461 fundatione
593 447 605 458 .
619 435 697 469 553.
714 436 745 460 2.
756 423 872 458 Limita
882 429 919 456 ut
933 420 983 456 ibi
993 444 1004 455 .

130 471 178 508 11.
199 472 287 516 Papa
313 471 436 507 facilins
460 470 614 517 dispensat
633 481 706 507 cum
721 473 790 512 eis,
816 471 872 516 qui
889 468 959 504 sunt
983 468 1124 516 proximi

182 519 267 554 aetati
278 519 439 565 requifitae
448 543 460 554 .
473 524 514 564 5'5
520 527 554 566 3.
568 530 600 565 3.
611 518 739 564 Amplia
747 528 784 554 ut
794 516 843 553 ibi
851 541 862 552 .

130 566 177 605 Υ.
202 565 290 611 Papa
304 578 367 601 non
377 566 458 602 solet
468 566 624 612 derogare
636 565 872 602 fundationibus
885 562 1122 601 Beneficiorum

181 613 354 660 praesertim
368 615 399 648 in
418 613 636 660 praejudicium
649 622 841 648 vocatorum
852 635 864 647 .
883 615 960 646 106.
971 615 1005 647 6.

133 660 176 696 V.
200 661 295 696 Solus
308 659 394 707 Papa
404 659 510 707 potest
522 662 687 706 qualitates
707 660 945 696 Beneficiorum
965 658 1101 695 alterare
1109 682 1122 700 ‚

134 731 138 735 ›
181 709 236 743 vel
246 710 413 744 immutare
426 732 438 743 .
466 717 545 751 190.
556 721 609 744 22.
1043 749 1045 751 ,

131 753 191 798 vl.
214 755 301 802 Papa
311 755 416 790 dando
428 755 604 791 Ordinariis
617 757 796 792 facultatem
806 754 990 792 conserendi
1016 753 1122 788 Bene-

132 814 146 828 ··
178 803 369 838 §iciavacata
377 805 408 838 in
418 802 574 839 mensibus
585 805 761 844 reservatis,
776 804 864 850 lapso
877 801 1023 838 trimestri
1037 811 1119 847 prae-

178 851 315 887 sumitur
326 862 388 890 non
402 851 434 885 se
452 850 594 901 spoliasse
604 875 615 892 ,
624 852 723 887 immo
733 850 792 887 sibi
804 850 974 886 reservasse
988 849 1121 884 faculta-

178 907 246 934 tem
256 898 466 934 concurrendi
477 908 550 933 cum
559 898 734 934 Ordinariis
746 899 841 934 etiam
851 900 883 933 in
895 908 1009 933 eorum
1029 907 1121 932 men·

179 945 262 981 sibus
277 969 287 979 .
314 957 332 980 2
382 969 392 979 .
407 955 459 981 12.

131 992 192 1028 VI.
217 993 302 1038 Papa
311 957 388 1028 si305i)
399 992 529 1038 aliquod
538 993 988 1046 legitimum-impedimentum
1010 991 1117 1028 non-9

178 1039 322 1077 conferat
347 1039 542 1076 Beneficium
570 1040 766 1076 reservatum
784 1040 864 1076 intra
886 1041 1040 1076 trimeslre
1063 1039 1116 1080 lus

178 1087 458 1128 conferendi,non
469 1087 552 1122 redit
573 1087 612 1122 ad
633 1088 851 1128 ordinarium,
869 1100 928 1124 nec
954 1100 1011 1135 per
1032 1088 1117 1122 viam

177 1135 418 1216 praesscriptionis
429 1145 510 1176 ‚nec
532 1146 588 1185 per
611 1137 695 1171 viam
715 1136 953 1172 devolutionis.
972 1147 1047 1182 239.
1067 1145 1116 1177 ¹4·

179 1184 216 1218 &
242 1193 259 1215 e
284 1206 295 1217 .
477 1192 486 1202 ·
649 1185 652 1187 ’
959 1190 962 1192 ·

131 1226 189 1264 VI.
214 1193 302 1273 Paga
313 1230 419 1276 elapso
429 1231 584 1267 trimestre
600 1231 703 1277 potest
714 1231 859 1267 conferre
882 1230 1110 1266 Beneficium,

179 1287 237 1323 per
249 1278 334 1313 viam
347 1280 545 1325 purgationis
553 1290 664 1315 morae-
676 1290 753 1324 ²40·
768 1282 823 1313 16.
963 1285 974 1298 ·
1090 1286 1093 1287 ’

130 1321 191 1362 νΙ.
216 1325 304 1369 Papa
315 1326 347 1360 in
357 1326 538 1362 admistione
549 1325 779 1370 Resignationis
802 1325 999 1361 Parochialis
1019 1325 1115 1360 unita:

175 1371 449 1407 Monasterionon
461 1372 655 1417 praesumitur
676 1372 882 1417 praejudicare
905 1373 1037 1408 voluiffc
1049 1372 1117 1407 Ab-

177 1416 243 1453 bati
254 1440 265 1458 ‚
273 1418 326 1453 nisi
337 1418 432 1453 fuerit
442 1418 525 1455 facta
535 1421 658 1454 mentio
668 1420 793 1454 unionis
805 1444 815 1454 .
829 1431 906 1463 295.
922 1432 974 1454 10.

129 1464 187 1499 vi.
211 1465 296 1510 Papa
309 1464 352 1499 est
384 1465 552 1502 Generalis
582 1466 837 1502 Generalissimus
858 1469 1002 1502 omniurn
1024 1466 1116 1502 Reli-

175 1513 306 1557 gionum
317 1536 327 1547 .
343 1524 421 1559 307.
433 1517 484 1547 16.

127 1558 186 1596 VI.
209 1559 296 1604 Papa
315 1571 495 1606 numquam·
515 1560 658 1596 censetur
683 1561 846 1597 restituere
871 1561 957 1597 velle
979 1558 1114 1596 Privile-

167 1606 264 1650 *gium
275 1606 461 1652 abrogatum
473 1631 484 1648 ‚
499 1607 554 1642 nisi
569 1609 601 1643 id
615 1611 774 1649 exprimat
790 1633 800 1643 .
830 1612 908 1655 364·
921 1621 974 1647 21.

126 1655 156 1688 1.
178 1654 265 1698 Papa
275 1655 408 1700 gratiam
415 1655 632 1701 derogationis
642 1657 904 1703 jurispatronatus
915 1658 946 1690 in
959 1664 1115 1696 totum-u

177 1701 306 1746 quando
317 1702 492 1737 concedere
505 1702 604 1738 soleat
614 1727 624 1738 .
643 1714 655 1736 1
664 1715 718 1749 35.
731 1715 744 1739 1
753 1716 782 1738 2.
794 1705 830 1739 &
841 1714 931 1748 paga
939 1715 994 1749 39.
1014 1715 1066 1737 22.

125 1747 172 1783 11.
196 1747 282 1794 Papa
293 1748 339 1782 est
349 1750 508 1793 legitimus
517 1749 710 1796 dispensator
722 1751 863 1787 omnium
873 1749 1111 1785 Beneficiorum

175 1794 358 1830 universalis
376 1795 521 1831 licciefiae
534 1821 545 1831 .
562 1808 637 1842 194.
654 1810 683 1832 1.
1100 1840 1103 1844 v

125 1844 165 1880 11.
190 1842 276 1888 Papa
289 1843 498 1879 concedendo
509 1845 600 1879 alicui
611 1846 744 1890 gratiam
758 1857 818 1891 pro
840 1845 1111 1890 praesentato-curn

174 1890 386 1936 derogatione
398 1891 574 1926 medietatis
585 1901 702 1926 vocum
715 1916 726 1933 ,
739 1893 862 1927 reducit
878 1892 1042 1926 consensus
1055 1903 1111 1936 per

172 1938 279 1983 plures
295 1936 452 1972 Pati-onos
463 1938 651 1984 praestandos
672 1940 711 1974 ad
733 1940 831 1974 solam
858 1940 942 1975 illam
958 1939 1112 1974 medieta-

172 1994 239 2020 tem
253 1984 478 2026 rutenorum,
495 1986 550 2031 qui
561 1987 747 2032 praesentant
760 1986 860 2032 ipsum
871 1984 1111 2033 Impetra'ntem.

177 2042 255 2076 199.
272 2044 289 2067 2
298 2043 328 2066 1.

123 2080 168 2116 11.
191 2079 278 2125 Papa
288 2079 448 2125 derogare
461 2091 524 2114 non
533 2080 614 2116 solet
626 2082 876 2128 Juripatronatus
889 2081 1018 2128 passivo.
1031 2093 1109 2117 200.

174 2139 227 2163 22.
562 2138 575 2155 ν
799 2146 803 2149 1
913 2134 916 2139 ·

126 2176 184 2211 VI.
207 2173 294 2219 Papa
315 2174 395 2209 solet
416 2173 572 2221 derogare
595 2177 850 2222 Juripatronatus
872 2175 1087 2211 Ecclefiafflco
1100 2201 1111 2217 ,

172 2233 237 2258 non
255 2222 338 2256 vero
351 2221 466 2258 Laicali
478 2245 490 2267 ‚
509 2221 587 2277 ²nisix
596 2224 637 2258 de
659 2235 702 2259 eo
727 2225 782 2259 fiat
804 2224 945 2269 specialis
969 2226 1088 2259 mentio
1100 2248 1109 2259 .

125 2282 192 2362 Vl?
210 2280 297 2361 ffapa
307 2315 461 2351 intuendo
472 2316 655 2353 triennalem
673 2319 876 2354 Possessorem
896 2317 1050 2353 Beneficii
1072 2323 1111 2357 ab

125 2383 128 2387 ν
174 2363 320 2400 omuibus
331 2362 504 2401 molestiis„
526 2376 588 2402 cur,
603 2365 740 2411 praefixit
759 2366 866 2411 potius
889 2367 1110 2409 triennium-9,

174 2412 268 2459 quam
283 2410 367 2445 aliud
379 2415 504 2455 tempus
515 2434 525 2445 .
549 2412 628 2459 387.
643 2423 672 2447 1.
840 2428 842 2431 ·

122 2459 184 2504 VI.
207 2459 293 2504 Papa
304 2482 314 2499 ‚
330 2459 360 2492 in
375 2458 489 2502 quibus
502 2458 635 2494 Cafibus
650 2460 806 2507 derogare
822 2460 902 2496 solet
929 2459 1110 2496 Patronati-

174 2508 232 2542 bus
245 2505 419 2542 Laicalibus
436 2529 446 2539 .
470 2517 550 2551 392.
569 2518 622 2541 10.

195 2552 348 2644 fVideiu
373 2551 462 2587 verb.
474 2556 636 2589 Terminus
649 2576 661 2594 ‚
691 2559 889 2591 commutare
903 2579 916 2596 ,
936 2556 1111 2596 lismon-

173 2610 199 2636 τι
215 2611 255 2635 ex
267 2623 278 2633 .

370 2698 867 2734 PARAMENTA.

221 2788 303 2823 Vide
313 2789 344 2823 in
358 2789 448 2824 verb.
463 2790 620 2838 Rrftcere.

463 2888 772 2926 PARENS.

126 2982 187 3020 111.
210 2980 350 3017 Nomine
359 2982 532 3018 Parentum
549 3003 561 3022 ‚
581 2982 617 3019 δε
637 2980 955 3028 consanguineorum
978 2983 1109 3018 veniunt

174 3040 285 3064 omnes
296 3029 341 3063 illi
354 3052 366 3070 ‚
376 3031 430 3075 qui
443 3029 597 3076 sanguinis
608 3029 738 3064 vinculo
749 3027 909 3069 conjuncti
925 3029 1007 3065 sunt.
1021 3035 1108 3066 265.

221 3106 1012 3164 PARocffuA.PARocH1AL1s
1079 3115 1100 3143 ·¹

123 3226 154 3259 1.
177 3217 342 3254 Parochiae
354 3216 493 3254 duaenon
507 3219 631 3262 possunt
641 3219 818 3264 promiscue
829 3220 859 3254 in
870 3230 932 3255 una
946 3243 957 3261 ‚
978 3219 1107 3257 eadem-

171 3277 235 3312 que
246 3265 510 3302 determinatione
520 3266 664 3301 conslitui
673 3291 684 3302 .
708 3281 720 3301 1
731 3283 758 3302 ι.
776 3277 829 3312 19.
962 3273 965 3274 ’

121 3312 148 3348 1.
171 3316 272 3349 Nova
292 3312 448 3348 Parochia
470 3313 677 3349 intentionem
711 3313 806 3349 habet
829 3313 992 3349 fundatam
1015 3313 1106 3361 super

212 3361 373 3406 rceptione
387 3361 594 3396 Decimarum
606 3361 717 3396 contra
726 3362 887 3396 matricem
899 3383 907 3393 .
933 3365 990 3407 63.
1007 3375 1019 3395 x
1023 3374 1059 3406 9.

118 3406 147 3443 1.
196 3408 271 3444 'ova
282 3407 436 3446 Parochia
449 3407 601 3445 aedificata
612 3408 693 3445 intra
701 3409 815 3445 limites
827 3409 963 3455 antiquae
974 3432 988 3451 ,
1011 3420 1050 3444 an
1070 3409 1106 3446 &

1171 139 1235 205 &
1267 138 1664 209 Verborum.
2085 173 2180 238 77

1229 242 1314 279 quos
1325 231 1468 267 honores
1477 234 1506 267 ei
1519 233 1665 278 praeliare
1690 241 1849 274 teneatur,
1863 235 1898 270 δε
1917 245 1955 269 an
1968 236 2098 281 antiqua
2126 252 2181 274 ac-

1227 278 1333 361 ἓὲιίτειε
1344 278 1492 323 respeEtu
1503 289 1598 315 novae
1610 279 2023 327 ParochiaeJuspatronatus
2037 306 2048 317 .
2063 287 2176 329 6422.

1293 336 1311 359 a
1335 329 1404 360 .66.
1425 337 1480 368 30.

1178 370 1214 408 1..
1231 335 1390 407 Pairoihia
1402 371 1584 408 amovibilis
1596 373 1701 416 potest
1711 375 1792 421 erigi
1806 377 1845 411 ab
1860 377 2033 413 Ordinatio
2043 378 2075 412 in
2093 379 2176 412 titui-

1217 419 1294 454 slum
1304 427 1495 465 perpetuum
1510 421 1608 454 etiam
1631 419 1694 454 sine
1716 424 1867 459 consensu
1898 426 1982 460 illius
1992 448 2003 464 ‚
2028 426 2080 460 cui
2113 425 2174 460 fuit

1226 475 1316 502 mota
1326 467 1366 502 lis
1376 466 1470 513 super
1477 467 1668 514 pertinentia
1675 466 1938 515 Jurispatronatus
1953 495 1964 506 .
1978 485 2055 518 279.
2068 485 2103 518 7.
2117 472 2173 508 In-

1183 540 1187 543 .
1225 514 1336 560 tellige
1350 514 1450 555 mibi
1465 539 1478 551 .
2151 524 2155 543 ⁷

1177 560 1221 596 11.
1244 561 1403 597 Parochia
1413 587 1426 604 ‚
1435 574 1505 608 quo
1516 563 1590 599 casu
1599 562 1814 599 difinembrari
1837 565 1932 610 possit
1945 590 1957 606 ‚
1985 577 2170 612 novaque-³

1225 608 1390 645 construi.
1415 614 1496 659 607.
1512 621 1565 646 11.
1663 651 1672 661 ·

1176 655 1237 691 vl.
1261 656 1457 692 Parochialis
1469 669 1583 693 vacans
1594 660 1624 693 in
1635 659 1742 695 mense
1754 658 1920 696 reservato
1933 659 1978 695 est
1993 660 2171 706 SediApo-

1223 703 1343 738 stolicae
1353 704 1453 739 libere
1463 706 1621 741 reservata
1631 730 1642 746 ‚
1654 707 1690 742 &
1708 707 1752 741 est
1763 708 1954 743 eonferenda
1968 718 2026 753 per
2038 718 2171 744 concur-

1225 751 1293 789 sum
1304 773 1314 785 .
1328 763 1404 802 293.
1419 766 1447 805 ι.
1462 754 1496 788 &
1511 753 1698 799 seq-Limita
1710 778 1720 788 .
1738 766 1816 800 294.
1828 766 1862 801 4.
1879 756 1912 790 &
1925 758 1958 789 6.

1377 850 1970 890 PAROCHIANUS.

1175 949 1204 979 1.
1229 941 1416 978 Parochiani
1431 944 1462 978 in
1478 943 1646 981 subsidium
1673 953 1820 980 tenentur
1839 944 1878 980 ad
1900 944 2163 990 ieparationem

1176 1010 1182 1015 -
1222 989 1388 1025 Ecclefiae.
1415 1002 1491 1026 112.
1506 1005 1539 1038 7.
1551 994 1587 1029 &
1602 1003 1676 1027 122.
1692 1004 1745 1039 14.
1811 1020 1814 1024 .

1170 1036 1199 1084 ῥΙ.
1227 1037 1446 1083 Competente
1455 1043 1721 1086 Jurepatronatus
1734 1040 1949 1081 parochianis,
1965 1040 2013 1074 isti
2041 1040 2101 1075 rit'e
2127 1041 2167 1075 ad

1221 1084 1467 1130 praesentationis
1480 1085 1587 1121 aetum
1598 1087 1762 1132 separatim
1780 1088 1932 1122 devenire
1946 1089 2052 1123 valent
2064 1111 2076 1128 ‚
2106 1098 2167 1122 cae—

1220 1133 1296 1166 teris
1308 1132 1483 1168 absentibus
1497 1145 1573 1174 ,nec
1586 1136 1710 1169 vocatis
1726 1159 1736 1168 .
1751 1138 1825 1170 ¹62.
1838 1148 1873 1178 9.

1172 1178 1208 1213 Ι.
1224 1179 1279 1218 Ad
1294 1179 1443 1214 effectum
1458 1190 1494 1216 ut
1506 1183 1577 1226 quis
1593 1182 1714 1216 dicatur
1730 1181 1944 1217 parochianus
1959 1195 2022 1217 non
2035 1182 2169 1228 requiri-

1224 1234 1278 1261 tur
1289 1226 1552 1268 domicilium‚sed
1563 1229 1672 1263 sufficit
1686 1228 1819 1272 simplex
1831 1230 1986 1264 habitatio
1999 1254 2009 1264 .
2026 1242 2100 1275 224.
2114 1243 2145 1264 2.

1170 1279 1200 1310 1.
1224 1274 1444 1318 Competente
1454 1276 1711 1320 Jurepatronatus
1725 1275 1929 1310 Parochianis
1942 1300 1953 1315 ‚
1970 1277 2168 1319 praesentatio

1218 1321 1260 1355 de
1273 1326 1353 1371 Jure
1365 1322 1480 1356 nonest
1490 1322 1530 1357 ab
1541 1322 1612 1367 ipfis
1624 1321 1766 1356 facienda
1794 1323 2025 1366 collegialiter,
2040 1322 2093 1355 sed
2119 1321 2171 1357 so-

1218 1369 1285 1404 lum
1298 1367 1494 1414 singulariter
1510 1392 1520 1403 .
1534 1372 1575 1404 16
1580 1382 1608 1404 2.
1619 1383 1653 1412 9.
1663 1368 1754 1402 secus
1767 1368 1808 1402 de
1820 1368 2048 1405 consuetudine
2062 1393 2071 1403 .
2088 1380 2100 1403 1
2109 1373 2131 1403 6
2133 1381 2164 1414 3.

1222 1427 1276 1450 10.
1287 1438 1298 1455 ,
1310 1416 1344 1450 ἅτ
1355 1415 1419 1461 seq:
1429 1415 1623 1456 Huiusmodi
1639 1414 1839 1451 consuetudo
1851 1443 1862 1458 ‚
1885 1428 1927 1450 ex
1948 1417 2060 1464 quibus
2083 1427 2163 1463 pro-

1219 1465 1313 1501 betur
1325 1485 1336 1496 .
1355 1467 1428 1505 163.
1444 1476 1494 1500 12.

1451 1553 1891 1614 PARocstus

1167 1659 1195 1689 Ι.
1221 1654 1371 1689 Parocho
1381 1655 1514 1690 debetur
1525 1656 1691 1691 Canonica
1703 1655 1812 1699 portio
1826 1666 1887 1700 pro
1900 1653 2064 1690 funeribus
2083 1667 2164 1701 pro-

1215 1702 1275 1746 prii
1286 1701 1475 1737 Parochiani
1486 1727 1497 1737 .
1514 1714 1566 1739 10.
1585 1714 1637 1748 13.
1649 1704 1691 1736 Et
1707 1711 1803 1746 quare
1816 1725 1826 1735 .
1843 1701 1925 1734 vide
1949 1701 1992 1735 ibi
2009 1702 2020 1734 ἓ

1165 1748 1195 1783 1.
1220 1749 1383 1789 Parochus
1395 1750 1548 1796 sepeliens
1576 1751 1710 1784 alienum
1725 1748 1957 1784 Parce-hunum
1970 1756 2096 1784 tenetur
2111 1761 2165 1785 re-

1214 1795 1344 1830 stituere
1378 1807 1496 1842 corpus
1510 1820 1520 1831 .
1564 1809 1616 1841 10.
1636 1807 1690 1831 10,

1166 1842 1488 1878 1.-³Parochushabet
1502 1855 1584 1879 onus
1597 1841 1785 1889 praedicandi
1797 1867 1808 1883 ,
1836 1843 2007 1878 confitendi
2020 1867 2030 1883 ,
2062 1843 2162 1880 admi-

1176 1901 1181 1907 *
1215 1889 1362 1928 nistrandi
1376 1890 1575 1926 Sacramenta
1586 1913 1597 1930 ‚
1611 1891 1763 1927 assislendi
1778 1893 1808 1925 in
1823 1891 1955 1924 articulo
1965 1892 2076 1926 mortis
2091 1914 2102 1932 ‚
2128 1895 2164 1928 &

1215 1937 1400 1983 invigilandi
1410 1938 1501 1984 supra
1515 1938 1589 1972 suos
1605 1938 1821 1973 Pal-ochianos
1833 1961 1843 1971 .
1870 1947 1923 1971 10.
1942 1947 1994 1983 13.

1160 1983 1194 2029 J·
1219 1984 1383 2020 Parochus
1398 1996 1462 2021 non
1476 1983 1579 2030 potest
1596 1985 1749 2031 impedire
1771 1985 2020 2020 celebrationem
2049 1984 2161 2021 Missa·

1213 2043 1284 2067 rum
1295 2055 1307 2072 ,
1321 2033 1356 2068 δε
1367 2033 1428 2067 alia
1441 2031 1623 2078 spiritualia
1633 2034 1665 2067 in
1680 2032 1849 2073 oratorio,
1864 2031 1918 2066 seu
1943 2031 2080 2067 Ecclesia
2104 2033 2161 2068 sita

1213 2079 1294 2114 intra
1311 2080 1607 2115 limites³Parochiae
1618 2103 1629 2114 .
1642 2091 1682 2114 ιο
1691 2090 1718 2114 1.
1734 2095 1747 2114 ι
1753 2093 1784 2125 3.

1166 2129 1195 2166 Ι.
1219 2126 1369 2167 Pax-ocho
1381 2139 1446 2162 non
1463 2127 1537 2162 licet
1553 2128 1684 2172 explere
1698 2127 1878 2173 funfflones
1902 2126 2105 2162 parochiales
2128 2129 2159 2162 in

1168 2190 1170 2192 ’
1213 2173 1590 2211 Ecclesiisl'atronalibus
1601 2173 1665 2209 sitis
1687 2174 1766 2209 intra
1787 2173 1902 2209 limites
1928 2174 2093 2210 Parochiae
2119 2176 2158 2210 ad

1214 2222 1260 2256 sui
1274 2222 1398 2258 libitum
1411 2218 1662 2267 independenter
1685 2222 1703 2256 a
1721 2222 1889 2261 Patronis,
1917 2223 1952 2256 ἃ
1975 2224 2011 2258 iis
2027 2223 2135 2258 invitis
2149 2246 2159 2256 .

1220 2279 1295 2303 101.
1317 2280 1332 2304 1
1361 2294 1370 2304 .
1463 2277 1468 2282 '
1496 2291 1501 2295 -

1174 2314 1201 2350 I.
1226 2281 1386 2352 Parocliiis
1401 2323 1437 2351 ut'
1444 2317 1724 2352 extonsuetudine
1739 2316 1980 2352 immemorabili
1991 2316 2113 2353 dicatur
2124 2317 2163 2351 si-

1216 2364 1247 2398 bi
1259 2373 1443 2409 competere
1455 2367 1643 2399 exercitium
1657 2366 1779 2410 ]urium
1803 2376 1866 2399 non
1891 2363 2159 2401 parochialium

1214 2412 1245 2445 in
1258 2411 1402 2446 Ecclesiis
1414 2411 1477 2468 sitis
1488 2412 1570 2447 intra
1580 2413 1694 2446 limites
1705 2412 1868 2447 Parochiae
1875 2412 1966 2457 ,quid
1973 2414 2159 2458 requiritur?

1220 2468 1297 2503 104.
1313 2472 1329 2494 2
1358 2482 1367 2492 .

1167 2504 1193 2539 1.
1218 2471 1371 2547 l'arocliis
1383 2506 1555 2552 obgraves
1567 2507 1637 2542 lites
1649 2507 1689 2541 de
1705 2507 1788 2552 stylo
1800 2507 1901 2542 Sacrae
1914 2506 2052 2542 Concilii
2066 2507 2157 2543 Con·

1214 2553 1409 2598 gregationis
1420 2554 1606 2588 conceditur
1615 2555 1741 2589 licentia
1755 2567 1818 2590 non
1834 2554 1991 2589 residendi
2009 2553 2049 2587 ad
2068 2567 2159 2602 ⁸qua-

1214 2609 1290 2634 tuor
1303 2600 1422 2636 menses
1433 2620 1444 2640 ,
1456 2602 1510 2635 vel
1518 2601 1556 2635 ad
1571 2600 1626 2636 sex
1638 2602 1756 2637 menses
1769 2625 1778 2636 .
1800 2616 1812 2634 x
1823 2603 1875 2637 18.
1892 2603 1944 2636 18.

1166 2651 1194 2683 1.
1218 2647 1383 2682 parochus
1395 2660 1461 2683 non
1476 2649 1571 2683 debet
1586 2649 1616 2682 se
1629 2661 1801 2694 opponere
1819 2648 2024 2684 Concessioni
2048 2648 2155 2695 sepul-

1203 2695 1322 2729 'chriin
1336 2690 1472 2730 Ecclesia
1498 2696 1658 2731 Patronali
1671 2721 1680 2736 ,
1702 2697 1830 2742 quando
1851 2696 1908 2731 sibi
1928 2696 2155 2743 praeservautur

1215 2744 1320 2777 omnia
1333 2743 1710 2790 JuraPa1·0chialia¹.94.
1724 2756 1759 2790 4.

1167 2795 1196 2826 1.
1221 2789 1461 2826 Adparochum
1472 2789 1773 2835 spectatdecernere
1791 2814 1802 2832 ,
1816 2802 1976 2837 perquam
1999 2792 2083 2828 viam
2099 2793 2153 2827 in-

1164 2855 1169 2860 ·
1214 2837 1330 2871 cedere
1343 2837 1458 2873 debeat
1468 2838 1562 2872 funus
1577 2863 1587 2873 .
1600 2848 1659 2885 94.
1671 2851 1705 2885 4.

1167 2885 1195 2919 Ι.
1221 2883 1252 2918 Si
1266 2885 1505 2920 confraternitas
1527 2886 1656 2934 haberet
1679 2886 1854 2931 sepulcrum
1871 2888 1935 2926 jam
1961 2886 2153 2923 <edificatum

1214 2933 1246 2966 iu
1258 2931 1393 2966 Ecclesia
1406 2932 1584 2968 Parochiali
1597 2957 1608 2974 ‚
1626 2933 1790 2969 Pan-ochus
1802 2935 1903 2979 posset
1925 2934 2078 2979 impedire
2089 2958 2100 2975 ‚
2114 2935 2154 2968 ne

1206 2989 1391 3022 excavetur
1406 2991 1527 3015 novum
1550 2980 1749 3026 sepulchrum
1769 2983 1802 3015 in
1828 2980 1965 3016 Ecclefia
1991 2983 2153 3022 patronali

1213 3038 1276 3072 pro
1290 3026 1516 3062 Confratribus
1528 3051 1538 3061 .
1548 3039 1607 3073 95.
1624 3041 1680 3066 10.
1693 3030 1819 3073 Amplia
1831 3053 1841 3063 .
1865 3032 1922 3073 96.
1939 3042 1952 3067 1
1962 3046 1989 3066 ι.

1172 3074 1198 3109 1.
1222 3073 1386 3110 Parochus
1396 3086 1546 3110 exercere
1559 3076 1664 3121 potest
1687 3077 1912 3112 authoritatem
1924 3099 1935 3116 ,
1955 3078 2128 3112 dominium
2141 3101 2152 3117 ,

1173 3141 1177 3145 ·
1210 3123 1244 3158 &
1256 3121 1508 3161 jurisdictionem
1522 3124 1554 3157 in
1567 3123 1703 3160 Ecclesia
1724 3122 1865 3164 subjec'ia
1887 3123 2031 3160 Ecclefiae
2053 3125 2154 3159 Paro-

1211 3169 1303 3204 chiali
1320 3193 1330 3203 .
1346 3180 1422 3205 100.
1435 3171 1466 3204 8.
1476 3171 1511 3205 &
1521 3173 1674 3216 pag.108.
1688 3182 1743 3214 30.
2007 3178 2013 3183 '
2143 3211 2146 3215 ,

1163 3217 1190 3253 1.
1215 3217 1379 3252 Parochus
1393 3218 1426 3252 in
1437 3216 1582 3252 Ecclesiis
1594 3216 1659 3253 fitis
1672 3218 1752 3253 intra
1771 3219 1888 3255 limites
1912 3219 1973 3253 suae
1987 3217 2154 3254 Parochiae

1210 3265 1329 3300 nullam
1340 3263 1571 3306 subjectionem
1583 3264 1640 3302 sibi
1651 3277 1801 3313 arrogare
1811 3268 1918 3302 valet.
1934 3277 2011 3301 101.
2028 3276 2081 3312 14·
2096 3265 2152 3300 Li-

1210 3313 1286 3347 mita
1300 3320 1333 3347 ut
1351 3312 1396 3347 ibi
1407 3335 1418 3347 .

1163 3362 1192 3398 1.
1220 3359 1385 3395 Parochus
1395 3360 1503 3395 invitis
1517 3360 1737 3398 Confi-atribus
1748 3363 1867 3398 docere
1887 3373 1951 3398 non
1965 3361 2070 3408 potest
2089 3359 2154 3393 do-

1211 3405 1342 3444 ctrinam
1357 3406 1567 3446 Christianam
1579 3410 1610 3444 in
1621 3420 1731 3446 eorum
1745 3409 1892 3446 Ecclesus
1902 3433 1912 3446 .
1939 3420 2013 3446 102.
2028 3419 2082 3486 114.
2093 3453 2120 3487 Ρ

1786 3469 1808 3493 u
2059 3477 2067 3488 ·
2121 3465 2154 3488 ἃ·
