2430 3776
300 154 935 246 DeJurepatronat-us
957 151 1206 217 ParJV.
1225 150 1467 215 Can.II.
1489 147 1734 216 Cafi111.
1973 174 2064 239 47

51 273 119 329 sil.
130 271 224 326 138.
236 282 386 311 numa.
402 271 508 310 Rota
521 267 636 321 decis.
646 280 742 317 199.
756 282 861 309 num.
872 281 887 308 1
897 283 937 308 ο.
950 265 1000 310 &⁴

53 333 454 387 seq.par.r6.r,ecent.
481 327 733 382 Ace-edente
751 326 1000 384 potiffimiim

62 393 145 434 alia
160 387 532 437 animadversione,
553 387 672 446 quod
689 387 843 429 etiamsi
859 387 1000 430 decla-

11 465 30 494 ι
44 465 60 492 1
80 462 270 499 tarentut
283 448 406 493 nullae
419 449 780 497 renunciationes,
791 448 935 491 ‘adhuc
953 447 999 489 id

65 509 235 555 minime
259 504 471 563 deservire
498 506 634 567 posset
650 522 728 565 pro
750 507 999 551 destruenda

63 568 384 628 praesentatione
398 567 505 612 fasta
521 569 564 612 in
576 567 794 625 personam
810 569 998 616 Xaverfi,

63 631 276 690 quidquid
292 629 521 672 dicendum
537 627 638 671 esset
660 643 738 685 pro
757 627 908 671 futuris
926 642 1000 671 va-

63 691 318 739 cationibuS,
332 691 436 734 cum
449 689 524 732 illa
535 687 665 732 fuerit
680 690 850 745 expleta
867 686 998 746 prius-

64 765 190 808 quam
199 751 253 794 lis
265 761 610 807 promoveretur,
625 748 762 808 sicque
778 763 871 791 cum
884 751 998 792 bona
1041 762 1043 764 ’

62 809 149 853 fide
163 839 178 860 ,
193 821 286 868 quae
304 810 330 853 fi
347 812 572 853 eveniente
590 807 682 851 casu
697 837 710 858 ‚
729 810 888 852 valebit
905 810 997 851 exi-

64 885 178 914 mere
196 872 353 927 Julium
369 869 572 912 Caesarem
587 870 612 912 a
629 870 892 913 restitutione
908 869 998 912 fru-

65 936 202 975 eruum
218 943 514 988 perceptorum
530 957 544 980 ,
557 943 783 988 antequam
797 931 850 971 lis
867 933 1000 972 intro-

64 992 295 1034 duceretur
321 991 410 1048 pari
425 992 591 1033 ratione
615 991 765 1047 nequit
782 991 997 1032 retraetari

53 1049 330 1108 ·praesentatio
347 1079 363 1100 ,
391 1064 516 1108 quam
537 1051 590 1092 ad
612 1050 721 1092 hunc
739 1050 927 1092 effectum
954 1051 996 1091 in

55 1111 197 1163 fructu
217 1108 566 1167 jurispatronatus
585 1111 758 1152 existere
776 1125 859 1152 non
875 1111 1000 1152 dubi-

26 1206 27 1210 ,
66 1184 179 1213 tatur
191 1199 206 1220 ,
225 1182 268 1213 ut
283 1171 372 1227 post
388 1171 588 1214 Calderin.
601 1171 697 1224 conſs
708 1184 771 1220 19.
787 1171 829 1210 in
832 1171 935 1225 fine,
951 1172 998 1210 de

53 1233 260 1286 juaeepaetr.
273 1231 323 1273 ὠ·
332 1231 498 1273 Vivicm.
513 1232 594 1272 eod.
605 1233 729 1272 trabi.
742 1231 808 1272 lib.
817 1243 835 1281 5
844 1260 855 1271 .
867 1244 951 1284 cap.
960 1244 977 1269 2
986 1259 998 1270 .

13 1334 19 1340 ι
62 1305 166 1332 num.
184 1303 224 1342 3.
254 1290 437 1334 firmavit
454 1296 557 1334 Rota
581 1292 624 1331 in
652 1292 836 1349 allegata
851 1291 1002 1333 Tuden.

7 1342 20 1366 '⁸⁵
63 1351 308 1392 parochialis
326 1366 366 1402 9.
382 1351 504 1411 ‘'Junii
527 1364 654 1402 1700.
687 1355 726 1398 §.
741 1353 806 1393 Ad
821 1350 998 1409 effe-Eum

62 1410 167 1458 enim.
180 1439 194 1461 ‚
209 1411 338 1453 conam
353 1417 404 1454 R.
421 1415 465 1451 P.
481 1416 534 1452 D.
549 1413 634 1452 meo‘
644 1411 842 1454 dell’Olmo
854 1442 866 1453 .

0 1471 32 1524 ξς
53 1469 72 1499 Γ
121 1474 221 1530 Qu
247 1473 350 1515 vero
374 1471 427 1513 ad
443 1469 823 1514 ineffectuationcm
845 1485 1001 1514 renun-

0 1544 28 1582 ss
52 1531 290 1574 ‘tintinnum
304 1530 582 1587 desumptam,
604 1546 655 1573 ex
675 1546 763 1589 quo
779 1532 944 1580 Clarix,
959 1537 999 1575 &

0 1617 2 1648 J
57 1591 290 1635 Catharina
302 1593 356 1634 de
371 1605 482 1634 anno
500 1593 626 1642 1687.
641 1590 997 1648 praesentaverint,

60 1649 213 1694 cessare
237 1651 321 1696 visa
345 1651 424 1694 fuit
452 1666 503 1694 ex
522 1651 660 1697 factm
694 1667 785 1694 nam
807 1649 993 1708 possesfio

0 1733 1 1768 ;
51 1713 248 1764 omnium
284 1714 494 1755 bonorum
525 1714 567 1753 in
600 1714 993 1755 renunciationibus

0 1771 1 1778 ’
52 1770 462 1827 'comprehensorum
506 1772 529 1814 Ξι
554 1773 630 1816 ,die
662 1774 995 1815 renunciationis

0 1836 1 1874 ἰ
61 1831 119 1874 ad
131 1832 218 1875 haec
234 1845 450 1889 tempora,
465 1835 504 1875 &
521 1831 573 1874 fic
590 1830 724 1889 spatio
737 1846 808 1884 40.
826 1834 998 1876 circiter

0 1890 1 1895 ’
59 1904 267 1935 annorum
280 1891 441 1949 semper
457 1891 631 1948 pacifice
643 1922 656 1942 ‚
669 1899 708 1936 δε
723 1892 803 1936 fine:
821 1906 998 1937 contro-

0 1968 1 1983 *
65 1951 195 1994 versia
219 1952 438 2010 permansit
474 1953 605 2008 penes
637 1955 968 1997 renunciatarios
985 1983 1001 2004 ,

58 2012 222 2055 adeout
249 2026 435 2072 nequeat
465 2013 519 2054 de
552 2011 843 2057 effeetuatione
875 2014 1003 2056 dubi-

66 2073 147 2114 tari
161 2100 175 2121 ‚
194 2078 298 2116 Rota
313 2074 531 2127 deciſs494·
548 2086 611 2115 n.1
622 2078 662 2113 6.
670 2085 840 2127 par.19.
857 2085 1002 2117 recent.

66 2132 141 2174 ubi
159 2133 473 2176 concordantes
491 2163 504 2175 .

126 2194 176 2236 In
207 2193 340 2236 nihilo
359 2205 525 2236 attento
539 2222 553 2243 ,
579 2195 698 2251 quod
711 2195 848 2250 Julius
868 2191 1005 2238 Caesar

70 2253 113 2295 in
141 2252 251 2297 dieta
271 2254 416 2296 ultima
435 2255 658 2296 vacatione
683 2269 766 2298 non
785 2253 1005 2311 praesenta-

64 2313 208 2359 vei-in
237 2313 284 2356 id
299 2314 410 2356 enim
425 2314 594 2356 minime
613 2317 757 2358 evenit
771 2344 784 2364 ,
802 2317 900 2372 quia
918 2327 1003 2357 non

17 2383 34 2411 ι
46 2384 69 2411 2
86 2373 263 2416 haberet
276 2373 342 2426 jus
358 2372 655 2431 praesentandi,
681 2373 753 2416 sed
769 2389 820 2417 ex
836 2389 923 2432 quo
943 2375 1005 2416 ei-

68 2433 168 2475 dem
200 2434 311 2476 hand
341 2435 575 2477 innotuerit
596 2435 908 2490 juspatronatus
929 2434 1003 2477 sibi

67 2507 314 2550 competere
333 2495 482 2551 vigore
507 2497 869 2538 renunciationum
896 2495 1004 2536 illud

67 2552 263 2610 expresse
289 2568 372 2597 non
404 2552 756 2611 praeseferentium
774 2584 786 2603 ,
818 2557 925 2597 itaut
952 2569 1004 2597 ex

71 2615 148 2656 tali
176 2615 419 2671 ignorantia
447 2615 607 2657 nullum
631 2616 912 2671 praejudicium
941 2617 1003 2657 ei·-

73 2674 170 2717 dem
189 2676 375 2731 potuerit
391 2676 569 2731 irrogari
585 2704 599 2724 ‚
624 2681 724 2718 Rota
739 2690 872 2718 coram
889 2678 1004 2718 Eme-

74 2735 147 2776 rix
155 2735 243 2784 jun.
263 2735 376 2788 decifi
385 2747 402 2774 1
412 2748 432 2787 3
444 2749 463 2775 2
473 2751 513 2776 o.
526 2749 632 2777 num.
642 2749 656 2776 1
668 2748 709 2787 3.
735 2735 787 2779 ὃν
800 2737 841 2776 in
855 2746 1001 2777 recent.

72 2795 243 2848 decifi27
250 2807 289 2846 3.
303 2809 408 2836 num.
418 2809 432 2835 1
444 2797 688 2852 3.cumfi·qq.
705 2796 754 2840 (θ’
768 2797 810 2837 in
824 2800 1002 2838 Romana

70 2855 257 2910 Beneficii
273 2868 344 2895 20.
359 2856 508 2898 Martii
527 2861 654 2906 1699.
672 2863 710 2904 §.
728 2863 806 2900 Nec
822 2855 1004 2912 refraga-

70 2926 155 2964 tur,
171 2930 304 2956 coram
314 2919 362 2956 R.
375 2919 420 2957 P.
434 2920 486 2957 D.
498 2930 578 2958 meo
596 2917 811 2958 delt’otmo.
844 2917 896 2958 Et
911 2914 1009 2958 satis

71 2974 119 3017 sit
151 2987 250 3017 tunc
283 2979 486 3031 temporis
507 2975 759 3032 praesentasse
769 2978 1009 3032 Joannem..

70 3036 305 3078 Antonium
327 3037 599 3079 Calvuccium
625 3039 750 3079 alium
767 3048 1010 3091 compatro-

74 3107 172 3136 num
185 3123 198 3143 ,
218 3095 417 3151 neJulius
434 3094 568 3138 Cacsar
585 3097 746 3139 dicatur
763 3094 928 3138 amisisse
943 3097 1009 3148 jus

74 3154 377 3211 ptaesentandi3
410 3171 500 3199 nam
522 3159 593 3198 ubi
620 3155 711 3198 sunt
730 3158 871 3213 plures
893 3171 1010 3198 com-

72 3217 268 3271 patrem,
284 3216 344 3257 isti
364 3217 506 3272 quoad
525 3223 656 3260 aetum
677 3214 1009 3273 praesentationis

72 3275 272 3317 dicuntur
290 3275 492 3324 consocii,
509 3281 548 3319 &
566 3277 635 3318 nisi
654 3291 774 3324 unus,
791 3278 859 3319 vel
875 3279 1008 3333 aliqui

75 3333 322 3391 praesentent
339 3338 478 3379 animo
495 3338 716 3392 privandi,
746 3342 784 3378 &
803 3336 1010 3393 spoliandi

75 3394 199 3435 alium
218 3423 232 3443 ‚
259 3397 330 3452 qui
350 3394 448 3438 sciat
462 3425 474 3444 ‚
501 3401 540 3439 &
557 3397 793 3454 acquiescat
807 3427 820 3445 .,
848 3395 1008 3451 semper

68 3455 138 3508 ’jus
157 3454 268 3497 istius
284 3459 339 3500 est
354 3456 642 3514 praescrvatum
656 3487 669 3507 ‚
692 3470 735 3499 ut
755 3459 809 3499 est
828 3458 1012 3499 omnium

1123 266 1384 315 Doctorum,
1415 270 1457 310 δε
1472 266 1764 309 TribunaIIum
1793 267 1941 324 opinio
1956 296 1971 318 ,
2003 271 2060 313 de

1122 340 1208 384 qua
1235 327 1346 382 apud
1370 331 1463 368 Ros.
1493 325 1535 366 in
1562 327 1828 369 Mediolanen.
1853 329 2062 372 Prior-atus

1126 399 1142 427 1
1158 400 1193 427 1.
1207 387 1434 428 Decembris
1455 399 1470 427 1
1480 390 1581 436 699.
1597 387 1762 443 §.quue
1777 402 1832 429 ex
1846 404 1890 430 ea
1901 417 1915 438 ,
1929 404 2059 433 coram

1120 446 1483 498 Reverendifsmeo
1495 451 1667 495 Decano,
1679 447 1727 490 &
1741 449 1782 489 in
1796 450 2062 492 Mediolanen.

1118 506 1304 560 Beneficii
1325 520 1360 546 1.
1373 506 1523 560 Aprilis
1542 519 1670 558 1707.
1688 510 1925 555 §.Secundus
1937 512 2062 569 afflar-

1116 567 1181 623 git
1200 567 1324 620 casus,
1338 580 1425 608 cum
1431 568 1522 623 seq.
1539 581 1669 610 coram
1686 571 1736 609 R.
1750 573 1794 610 Ρ.
1810 574 1865 611 D.
1880 583 1962 610 mco
1975 576 2061 613 An-

1107 627 1224 680 saldo
1241 656 1252 668 .

1179 686 1368 730 Tandem
1393 700 1478 729 non
1498 686 1632 730 obstat
1646 717 1659 737 ,
1688 689 1810 747 quod
1826 689 1968 732 affistat
1989 691 2062 733 dd.

1119 747 1350 790 Sororibus
1376 748 1549 791 ultimus
1575 748 1701 791 status
1718 764 1893 794 omnino
1922 752 1964 793 in
1980 753 2061 794 be-

1120 807 1382 851 neficialibus
1402 837 1416 858 ‚
1458 809 1745 852 attendendus
1783 824 1834 852 ex
1878 811 2056 867 vulgato

1119 869 1244 910 Text.
1259 868 1300 910 in
1316 881 1399 923 cap.
1416 869 1787 922 Confialtationibus‚
1803 871 1849 913 de
1858 871 2063 925 jurepatr.

1120 928 1174 971 eo
1196 930 1297 986 quia
1324 930 1378 971 de
1394 943 1505 971 anno
1533 931 1662 982 1687.
1692 928 2034 986 praesentaverint
2050 950 2062 978 ς

1066 999 1113 1038 13
1134 989 1247 1031 Nam
1277 988 1371 1031 cum
1399 990 1443 1030 id
1472 988 1603 1032 fuerit
1623 991 1781 1046 gestum
1799 1020 1812 1039 ‚
1843 992 2065 1050 postquam

1119 1051 1468 1092 renunciaverant
1486 1052 1656 1106 propria
1669 1051 1760 1102 jura
1776 1050 1924 1094 favore
1943 1055 2065 1095 Con-

1120 1110 1233 1164 cepti
1250 1110 1397 1164 patris,
1412 1111 1566 1164 &Julii
1582 1108 1755 1154 Caesaris
1769 1107 1929 1161 fratris,
1943 1113 2060 1156 dietae

1120 1166 1467 1224 praesentationes
1485 1168 1578 1211 sunt
1603 1175 1715 1214 actus
1743 1169 1958 1228 spoliativi
1977 1203 1989 1222 ‚
2020 1178 2060 1215 ὅ(

1121 1227 1436 1286 consequenter
1455 1230 1609 1271 nullius
1626 1232 1794 1274 roboris
1814 1261 1828 1281 ,
1853 1233 2033 1276 invalidi
2051 1261 2064 1281 ,

1120 1293 1160 1331 δε
1185 1303 1269 1331 non
1288 1288 1611 1338 considerandi,
1640 1294 1745 1332 Rota
1764 1292 1951 1334 incitata
1970 1296 2065 1335 Me-

1120 1348 1313 1390 diolanen.
1325 1349 1508 1403 Beneficii
1525 1363 1561 1390 1.
1577 1351 1724 1404 Aprilis
1740 1365 1757 1391 1
1769 1365 1870 1402 707.
1891 1355 2063 1409 §.quue

1120 1410 1267 1451 certius
1282 1439 1295 1458 ,
1316 1423 1448 1451 coram
1464 1415 1512 1452 R.
1527 1415 1570 1451 P.
1583 1414 1636 1451 D.
1651 1426 1732 1452 meo
1746 1412 1914 1465 Anfizldo
1930 1443 1941 1454 .

1181 1470 1293 1511 Itaut
1322 1484 1374 1512 ex
1398 1471 1482 1512 istis
1505 1485 1590 1513 non
1609 1471 1748 1515 valeat
1763 1473 1918 1530 aliquis
1935 1473 2061 1515 status

1121 1528 1276 1572 firmari
1306 1531 1359 1571 ad
1390 1529 1576 1572 effesturn
1607 1533 1860 1575 admittendi
1889 1536 2065 1576 canoni-

1125 1603 1215 1632 cam
1232 1588 1485 1633 sanctionem
1507 1592 1764 1648 praeallegati
1783 1594 1906 1634 Text.
1922 1594 1963 1633 in
1979 1607 2064 1648 cap.

1123 1651 1476 1703 Consultationibus
1493 1679 1506 1699 ‚
1527 1665 1618 1709 quae
1635 1653 1738 1694 licet
1752 1652 1893 1696 faveat
1913 1654 2062 1696 ultimo

1116 1709 1266 1759 statui,
1290 1723 1430 1754 tamen
1452 1725 1537 1754 non
1553 1711 1750 1768 procedit
1767 1741 1780 1761 ,
1799 1714 1971 1770 quando
1990 1715 2059 1755 in-

1117 1771 1357 1813 continenti
1374 1771 1534 1814 constat
1547 1800 1560 1820 ‚
1577 1772 1696 1814 illum
1711 1801 1724 1821 ,
1746 1785 1790 1814 ut
1806 1776 1850 1815 in
1866 1770 2061 1829 praesenti

1120 1830 1345 1887 hypothesi
1361 1830 1441 1874 esse
1465 1831 1660 1875 infectum
1677 1860 1690 1880 ‚
1723 1837 1763 1875 &
1785 1833 1959 1891 quidem
1979 1849 2065 1877 non

1121 1905 1197 1946 per
1215 1891 1475 1940 coniecturas
1492 1919 1505 1941 ,
1527 1906 1574 1935 ac
1594 1891 1937 1950 praesumptiones
1954 1923 1966 1942 ‚
1991 1892 2065 1936 sed

1122 1965 1197 2006 per
1212 1952 1381 2007 publica
1396 1952 1652 1996 documenta
1668 1955 2034 1996 renunciationum
2047 1983 2061 2003 ,

1124 2024 1217 2067 quae
1234 2009 1326 2052 sunt
1353 2014 1458 2054 tanti
1477 2014 1646 2055 roboris
1663 2041 1676 2060 ,
1708 2013 1955 2055 &efficaciae
1973 2043 1985 2062 ,
2020 2026 2065 2057 ut

1124 2069 1279 2112 faciant
1313 2073 1608 2128 probationem
1642 2075 1862 2128 probatam
1892 2103 1905 2122 ,
1937 2087 2066 2130 atque

1125 2129 1376 2174 manifestam
1394 2161 1407 2181 ,
1438 2146 1604 2176 necnon
1623 2132 1903 2189 possessorium
1921 2133 2069 2177 absor-

1129 2190 1258 2232 beant
1275 2221 1288 2240 ,
1321 2190 1544 2250 quousque
1562 2194 1831 2235 declarentur
1849 2194 1962 2236 nulla
1979 2224 1992 2242 ,
2024 2199 2065 2238 δε

1126 2249 1428 2296 insubsistentia
1447 2281 1461 2301 ‚
1476 2258 1578 2296 Rota
1593 2253 1635 2293 in
1652 2253 1759 2294 dieta
1774 2253 1924 2296 Tuden.
1942 2259 2068 2295 Paro-

1125 2311 1261 2353 chialis
1294 2327 1335 2361 9.
1353 2313 1474 2370 Junii
1506 2326 1633 2364 1700.
1663 2319 1701 2362 §-
1728 2314 1957 2356 Sentiebant
1971 2344 1984 2363 ‚
2016 2313 2066 2357 (θ’

1126 2376 1165 2418 §-
1183 2372 1381 2428 Siquidem
1394 2402 1407 2422 ,
1420 2388 1553 2417 ‚coram
1569 2379 1615 2416 R.
1634 2378 1676 2415 P.
1693 2380 1743 2418 D.
1756 2389 1835 2417 meo
1851 2374 2067 2423 dell’Olmo‚

1124 2431 1175 2474 &⁴
1191 2433 1232 2473 in
1249 2434 1600 2487 Pennen.Beneficii
1601 2436 1724 2488 super
1735 2434 1978 2489 pertinentia
2001 2450 2016 2476 1
2027 2447 2069 2485 7-

1127 2493 1284 2534 stIartii
1316 2507 1330 2533 1
1342 2509 1364 2545 7
1377 2508 1391 2534 1
1403 2511 1443 2536 o.
1473 2500 1511 2542 §.
1528 2496 1602 2536 Sed
1615 2496 1674 2535 hic
1692 2494 1881 2549 nonsistit
1897 2523 1911 2543 ,
1940 2509 2069 2536 coram

1125 2557 1175 2594 R.
1193 2558 1235 2593 P.
1254 2558 1304 2594 D.
1330 2570 1409 2595 meo
1427 2555 1686 2596 Aldrovando
1702 2583 1713 2595 .

1185 2614 1374 2657 Ulterius
1403 2615 1512 2670 apud
1533 2615 1744 2657 Dominos
1775 2617 1817 2657 in
1845 2614 1957 2656 nulla
1985 2614 2065 2657 fuit

1126 2672 1462 2716 consideratione
1481 2704 1494 2723 ,
1527 2675 1645 2733 quod
1674 2676 1716 2716 in
1745 2675 1926 2728 decistone
1941 2690 2070 2717 coram

1125 2733 1225 2774 bonae
1243 2748 1357 2774 mem.
1373 2735 1618 2788 (Wanuelsiab
1635 2736 1697 2775 die
1718 2748 1733 2773 1
1745 2749 1784 2784 9.
1797 2735 1920 2793 ‘Junii
1940 2739 2066 2787 1693.

1124 2794 1293 2848 §.finaL
1311 2794 1427 2836 edita
1457 2794 1676 2837 occasione
1694 2795 1831 2836 ultimi
1847 2797 1990 2844 status,
2004 2796 2072 2837 di·-

1131 2857 1238 2895 etum
1269 2852 1396 2896 fuerit
1414 2882 1428 2902 ‚
1461 2855 1673 2896 Claricem
1690 2883 1702 2903 ,
1734 2859 1773 2898 δε
1795 2856 2066 2899 Catharinam

1132 2913 1210 2956 esse
1241 2912 1429 2956 exclusas
1460 2916 1483 2956 εὶ
1511 2915 1663 2956 statuto
1697 2914 1861 2957 firmant
1893 2928 2068 2972 propter

1133 2986 1311 3030 agnatos
1329 3003 1341 3021 ‚
1385 2974 1545 3016 adeout
1576 2974 1735 3017 censeri
1767 2975 1950 3018 debeant
1984 2976 2066 3018 istae

1131 3031 1305 3076 exclusae
1322 3033 1344 3075 a
1370 3034 1711 3090 jurepatronatus
1731 3063 1744 3083 ,
1776 3039 1814 3078 δε
1830 3049 1903 3091 per
1923 3034 2069 3078 conse-

1130 3108 1264 3151 quens
1282 3095 1386 3135 illud
1406 3109 1481 3136 nec
1498 3097 1712 3150 potuerint
1731 3096 1901 3144 cedere,
1918 3097 1986 3138 vel
2005 3110 2070 3137 re-

1131 3156 1327 3195 nunciare
1345 3185 1356 3195 .
1386 3155 1748 3212 Qandoquidem
1763 3157 1872 3197 recte
1889 3169 2005 3212 patet
2023 3156 2068 3197 id

1130 3217 1273 3270 potius
1302 3215 1354 3258 ad
1383 3215 1604 3271 quamdam
1623 3216 1922 3258 exuberantem
1940 3217 2071 3258 ratio-

1132 3289 1226 3315 nem
1246 3303 1258 3322 ,
1282 3279 1321 3317 &
1343 3273 1622 3330 perfunctorie
1645 3274 1888 3317 insinuatum
1907 3293 1917 3322 3
1952 3276 2063 3319 Nam

1131 3333 1157 3375 si
1177 3333 1330 3376 decisio
1348 3333 1388 3375 se
1408 3331 1612 3376 fundasset
1635 3337 1678 3376 in
1695 3336 1905 3376 statutaria
1922 3337 2069 3377 exclu-

1131 3393 1244 3435 sione
1274 3408 1350 3435 nec
1382 3393 1578 3450 potuisset
1605 3396 1831 3438 admittere
1847 3393 2070 3451 praesenta-

1136 3456 1296 3495 tionem
1322 3455 1502 3510 Joannis
1535 3456 1716 3499 Antonii
1750 3455 1974 3500 Calvuccii
2008 3455 2069 3494 uti

1999 3526 2070 3554 ve-
