2392 3730
581 109 783 174 Index
815 109 1062 177 Rerum
1075 125 1095 185 ,‘
1132 110 1203 176 ὃς
1231 109 1623 182 Verborum.
1660 128 1676 132 ”
2043 144 2129 207 75

94 199 140 236 11.
163 199 350 237 Ordinarins
363 199 532 236 nonhabet
543 198 726 235 facultatem
738 201 936 245 approbandi
948 211 1091 236 conven-
1147 199 1194 239 ΙΙ.
1219 200 1408 237 Ordinarius
1421 214 1486 237 non
1505 204 1611 248 potest
1633 203 1759 250 erigere
1781 204 2020 251 cappellaniam
2047 198 2150 256 mere¹

142 250 268 290 tiones,
279 250 315 286 δι
331 247 424 295 ριᾶι
434 247 542 283 illica‘ta
561 248 595 282 in
608 246 852 282 Beneficialibus
871 249 954 283 inter
976 248 1087 285 Partes

105 327 108 332 .
129 297 236 332 ·inita.
253 297 335 331 218.
352 307 384 331 2.
463 309 465 311 ’

95 344 145 380 11.
168 343 333 379 Prohibita
344 341 363 376 ὲ
376 342 402 375 F
407 341 563 377 undatore
573 341 784 376 devolutione
795 340 948 377 Beneficii
970 342 1012 376 ad
1035 342 1087 378 su-

141 392 300 437 periorem
309 387 414 435 potest
423 388 610 424 ordinarius
625 412 628 414 -
632 388 797 435 praefigere
816 389 961 424 Patrono
969 391 1084 426 termi-

142 441 218 474 num
229 438 269 472 ad
281 436 533 483 praesentandum
545 458 557 471 .
570 448 648 482 504.
661 448 674 469 i
680 445 712 477 3.

94 484 140 520 11.
162 486 349 520 Ordinarius
361 493 508 529 tempore
535 495 601 519 non
613 482 710 538 habili
732 484 808 530 cogi
827 494 891 518 non
914 485 1018 530 potest
1041 483 1082 520 ad

93 530 959 625 meam&5523335533312¹3¹50555322ffi23
973 542 1082 620 {2331

138 638 176 664 ac
186 629 404 670 juramentum
415 627 433 661 ὲ
443 627 624 665 nominatis,
635 625 692 660 seu
709 624 882 671 Deputatis
893 626 938 661 >ad
949 626 1080 661 Benefi-

139 674 187 710 cia
198 682 305 708 curata
319 671 487 719 spefiantia
511 673 551 708 ad
574 672 748 720 Regulares
773 673 952 718 procedere
973 673 1080 719 potest

141 724 215 766 Jure
226 721 375 766 delegato
386 744 397 756 .
420 734 474 769 35.
489 722 541 756 18.
1031 758 1033 761 ⁴

91 769 154 802 IV.
178 767 365 805 Ordinarius
379 777 501 804 tenetur
523 769 701 804 concedere
725 767 884 803 licentiam
905 769 1077 804 exercendi

140 814 259 850 Curam
271 817 455 855 Animarum
467 817 668 862 presbyteris
689 815 889 850 saecularibus
897 817 1078 858 nominatis,

138 861 194 916 seii
207 863 367 917 deputatis
377 865 406 898 iu
417 864 563 899 Ecclefiis
574 864 778 910 Regularium
789 885 801 903 ,
821 864 855 899 &
865 863 905 898 ab
928 873 972 898 eo
995 875 1077 900 exa-

90 911 736 999 lelltiiuiiEj’uziicxilggi‘iidzgteigegidinzirsiu:
741 911 811 992 {son
829 957 916 992 valet
940 956 997 992 fibi
1020 969 1076 992 re-

137 1003 264 1040 servare
276 1005 456 1041 facultatem
474 1017 543 1042 eam
565 1005 737 1041 revocandi
762 1005 801 1040 ad
823 1005 869 1039 sui
890 1003 1075 1050 Beneplaci-

135 1059 204 1086 tum
216 1076 227 1092 ,
240 1051 292 1087 sed
304 1054 411 1098 potius
421 1053 517 1089 debet
524 1065 596 1090 eam
612 1052 787 1088 concedere
803 1052 894 1098 pure,
906 1053 941 1088 δι
955 1051 1074 1098 fimpli·

90 1100 236 1181 wenge.
271 1101 410 1182 ὄὶιειέἐίἰε
419 1146 599 1183 Germaniae
613 1146 704 1183 extra
713 1146 887 1182 Romanam
907 1147 1072 1182 Curiam-³

136 1195 320 1229 vacantibus
329 1196 358 1230 in
371 1195 526 1231 menfibus
535 1195 697 1230 Februarii
706 1218 717 1234 ,
738 1195 858 1240 Aprilis
869 1217 881 1234 ‚
894 1194 1072 1235 Junii,Au-

133 1240 238 1288 gusti,
247 1242 403 1286 Oflobris
414 1266 424 1283 ,
444 1245 480 1279 &
495 1243 681 1278 Decembris
692 1241 794 1287 potest
805 1241 1003 1279 ordinarius,
1017 1249 1071 1275 aut

119 1290 234 1329 alius,
246 1290 394 1335 adquem
406 1289 524 1335 spectat
544 1291 696 1328 collatio,
725 1288 888 1332 provisio,
907 1288 1075 1333 praesenta-
1137 1304 1143 1310 ·

134 1337 185 1371 tio
196 1360 208 1377 ‚
220 1336 274 1371 seu
286 1339 408 1382 quaevis
426 1338 486 1372 alia
497 1336 658 1382 dispofitio
671 1336 770 1370 libere
791 1336 962 1381 providere
973 1347 988 1377 ς
1007 1335 1075 1369 Ροὲ

135 1382 196 1418 test
205 1385 303 1419 etiam
313 1383 512 1424 ordinarius,
525 1391 578 1418 aut
589 1383 668 1418 alius
681 1382 720 1418 ad
742 1393 840 1427 quem
862 1381 982 1428 spetstat
1002 1383 1072 1417 col-

92 1456 114 1478 ,
130 1431 216 1472 ,latio
225 1455 236 1471 ,
244 1439 298 1465 aut
308 1429 503 1476 praesentatio
514 1431 612 1465 libere
622 1430 794 1476 providere
818 1430 858 1464 de
869 1429 987 1464 eisdem
1010 1441 1071 1464 va-

133 1478 274 1514 cantibus
287 1479 318 1512 in
329 1476 624 1518 menfibusJanuarii
637 1500 648 1517 ,
664 1477 796 1517 Martii,
806 1477 995 1518 Maji,Julii,
1013 1476 1072 1510 Se-

133 1525 284 1571 ptembris
294 1548 305 1564 ,
315 1525 350 1559 &
365 1523 562 1560 Novembris
571 1548 583 1564 ‚
594 1525 762 1560 reservatis
774 1548 785 1564 ‚
808 1524 862 1558 nisi
890 1525 1069 1569 apparuerit

131 1574 211 1607 intra
223 1570 390 1605 ‘trimestre
403 1570 420 1604 a
435 1571 488 1605 die
506 1581 590 1606 notae
603 1571 784 1607 Vacationis
795 1574 826 1605 in
852 1572 928 1606 loco
941 1570 1070 1605 Benefi-

131 1620 174 1653 cii
184 1618 226 1653 de
235 1619 281 1653 eis
290 1617 456 1663 provisum
466 1618 485 1653 ὲ
509 1618 591 1654 Sede
612 1618 799 1665 Apostolica
809 1642 821 1653 .
836 1629 913 1665 234.
932 1620 966 1653 in
980 1623 1068 1655 Com-

131 1674 230 1702 ment.

87 1713 147 1749 Vl.
171 1712 355 1754 OrdinariiJ
359 1724 413 1747 ure
427 1713 585 1751 devoluto
595 1723 636 1750 ex
651 1715 685 1749 vi
702 1713 968 1749 concordatorum
979 1712 1068 1747 Ger-

131 1762 241 1794 maniae
249 1761 421 1805 procedere
445 1762 567 1806 possunt
589 1761 628 1796 ad
646 1761 864 1796 collationem
887 1759 1070 1794 Beneficio-

129 1807 386 1844 rumvacantium
397 1810 490 1842 etiam
500 1809 532 1842 in
555 1807 711 1843 mensibus
734 1808 900 1843 reservatis
911 1832 923 1848 ‚
943 1807 967 1841 fi
991 1806 1070 1841 intra

130 1865 194 1890 tres
206 1854 325 1890 menses
336 1866 400 1890 non
412 1858 589 1901 apparuerit
600 1856 640 1891 de
651 1855 834 1900 provifione
855 1854 1043 1900 Apostolica
1053 1876 1064 1889 .

134 1906 210 1947 236.
226 1903 320 1945 ¹5·&
334 1901 399 1948 seq.
412 1904 447 1938 ἃ
464 1903 538 1949 238.
550 1915 580 1947 3.
597 1903 731 1938 Limita.
750 1915 828 1948 239.
845 1912 896 1938 η.
910 1904 945 1938 ὅ(
957 1902 1018 1947 seq.

85 1949 144 1984 Vl.
168 1949 355 1984 Ordinarius
367 1961 430 1984 non
443 1949 544 1995 potest
557 1951 722 1996 disponere
734 1949 776 1985 de
798 1949 962 1986 Beneficio
974 1949 1066 1984 alteri

131 1998 210 2032 intra
218 1995 388 2031 Trimessre
399 1997 417 2031 a
428 1997 514 2042 Papa
525 1999 648 2034 collato
658 2021 670 2031 .
688 2007 764 2043 241.
782 2010 799 2032 2
807 2009 834 2031 ι.

84 2042 143 2079 Vl.
167 2044 411 2079 ordinariorum
442 2045 578 2081 officium
603 2044 646 2080 est
669 2047 700 2080 in
725 2044 952 2082 visitationibus
976 2055 1069 2079 reco-

129 2090 278 2139 gnoscere
288 2092 400 2126 titulos
416 2091 683 2128 Beneficiatorum
694 2091 754 2126 suae
766 2091 937 2132 Dioecefis,
949 2101 984 2128 ut
995 2092 1068 2127 sciat

132 2140 292 2184 legitimos
303 2161 314 2178 ,
326 2140 554 2185 &illegitimos
567 2140 753 2175 possessores
763 2163 773 2173 .
782 2151 859 2185 324.
871 2149 927 2181 30.

84 2185 145 2221 VI.
169 2185 356 2221 Ordinarius
367 2188 478 2232 nequit
488 2188 635 2222 conferre
651 2186 845 2221 Beneficium
865 2188 896 2221 in
917 2188 986 2227 ejus
1000 2199 1068 2222 ma-

130 2234 222 2268 nibus
234 2232 422 2278 resignatum
433 2235 568 2280 propriis
578 2258 590 2275 ,
603 2243 657 2269 aut
668 2233 847 2280 resignantis
867 2234 1067 2280 Consangui-

133 2282 199 2315 neis
212 2304 222 2320 ‚
237 2281 291 2314 vel
303 2279 501 2316 familiaribus
512 2306 523 2316 .
536 2292 552 2324 3
561 2294 614 2317 2ο.
625 2293 658 2327 4.
669 2281 782 2316 Limita
805 2289 840 2315 ut
850 2280 901 2316 ibi
914 2305 926 2316 .

17 2334 20 2338 ’
85 2327 146 2367 VI.
168 2328 358 2363 Ordinarius
378 2329 552 2373 providere
572 2337 697 2364 tenetur
719 2327 943 2374 resignantem,
975 2328 1068 2363 Refi-

75 2413 79 2418 ,
131 2376 281 2421 gnatione
297 2374 467 2416 Beneficii,
482 2376 523 2411 ad
530 2379 619 2418 cujus
630 2376 756 2412 titulum
767 2377 838 2422 quis
862 2375 907 2410 est
932 2387 1067 2421 promo-

132 2432 185 2457 tus
195 2430 353 2467 acceptata
365 2446 375 2456 .
393 2435 410 2469 3
418 2435 470 2458 20.
487 2427 522 2460 6.

86 2469 145 2505 Vl.
158 2470 342 2505 Ordinarius
356 2472 466 2516 nequit
480 2470 676 2506 Beneficium
690 2470 860 2506 Patronale
883 2471 1064 2509 conferre..-

134 2517 232 2552 libere
242 2541 252 2557 ‚
265 2519 300 2553 &
310 2518 428 2563 absque
435 2518 673 2563 praesentatione
683 2518 812 2552 Patroni
821 2541 832 2552 .
845 2529 925 2565 447.
942 2529 970 2552 1.

86 2563 144 2600 VI.
169 2564 357 2600 Ordinarins
369 2566 638 2611 qualitercumque
650 2567 681 2600 in
695 2563 828 2600 Actibus
837 2567 1065 2611 proportiona-
1109 2576 1112 2585 *

133 2612 173 2647 tis
187 2612 332 2657 agnoscat
343 2611 543 2658 Legatarium
551 2613 816 2657 jurispatronatus
837 2613 868 2647 in
879 2623 991 2648 verum
1003 2613 1068 2648 Pa-

133 2668 260 2694 tronum
273 2683 283 2699 ,
295 2660 390 2694 tacite
403 2659 556 2706 Legatum
567 2660 734 2695 confirmat
746 2682 756 2694 .
777 2663 856 2705 464.
871 2671 924 2695 2ο.

84 2706 142 2741 Ν.
166 2705 354 2742 Ordinarius
365 2706 459 2742 debet
469 2709 645 2752 exprimeoe
657 2707 688 2742 se
709 2706 881 2751 procedere
892 2706 1066 2744 auctorita-

134 2763 165 2789 te
177 2753 321 2799 delegata
333 2777 343 2793 ‚
360 2754 435 2788 dum
448 2754 594 2800 procedit
616 2765 727 2789 contra
740 2754 950 2799 presbyteros
967 2767 1064 2790 exer-

131 2809 239 2836 centes
248 2812 355 2835 curam
367 2801 549 2838 Animarum
560 2804 590 2837 in
604 2800 747 2837 Ecclesiis
757 2801 973 2847 Regulariusn,
984 2804 1065 2838 itaut

131 2848 196 2883 hoc
211 2860 275 2882 non
288 2849 432 2892 expresso
444 2861 507 2884 non
518 2857 663 2884 tenentur
673 2850 716 2885 illi
729 2850 758 2884 ei
772 2849 904 2885 obedire
917 2851 1013 2886 etiam
1034 2851 1065 2885 in

130 2895 390 2931 concernentibus
403 2896 522 2932 Curam
530 2897 714 2932 Animarum
724 2921 736 2931 .
758 2909 774 2942 3
781 2900 814 2932 6.
831 2906 843 2929 1
850 2897 882 2931 8.

84 2943 146 2979 lv.
168 2942 356 2979 Ordinarius
365 2944 528 2980 conferens
540 2942 734 2981 Beneficium
748 2944 911 2988 patronale
919 2944 994 2985 jure
1006 2943 1067 2979 de-

136 2990 254 3025 voluto
267 3013 278 3030 ‚
289 3002 326 3024 an
340 2999 484 3027 teneatur
494 2991 666 3036 expectare
676 3015 689 3033 ,
701 2993 735 3027 &
757 2992 918 3038 requirere
940 2991 1068 3038 qualifi-

135 3046 224 3072 catos
234 3061 245 3071 .
258 3043 314 3074 61.
329 3050 383 3073 20.

84 3086 143 3122 JV.
167 3086 355 3120 Ordinarim
365 3085 531 3121 conferens
540 3085 616 3126 Jure
632 3087 792 3122 devoluto
804 3085 1000 3121 Beneficium
1013 3095 1070 3130 pa-

135 3134 258 3168 tronale
271 3133 366 3167 debet
377 3133 544 3167 observare
557 3133 687 3171 formam
699 3135 729 3168 in
748 3134 829 3169 illius
848 3132 1067 3170 fundatione.-

130 3180 342 3232 ‚praesciiptam
351 3203 364 3221 ,
375 3182 472 3216 immo
483 3204 495 3222 ,
506 3181 541 3216 ἃ
555 3180 700 3219 Summus
711 3181 863 3217 Pontifex
873 3204 882 3215 .
908 3184 965 3216 60.
987 3192 1040 3225 ¹9·
1051 3205 1065 3223 ,

130 3230 167 3265 δι
188 3232 253 3273 leq.

86 3279 133 3311 11.
158 3275 330 3311 Ordinario
341 3283 489 3321 tanquam
499 3275 540 3310 de
556 3275 635 3312 statu
648 3276 788 3312 omnium
802 3274 1070 3312 Beneficiorum-o

134 3323 196 3359 suae
209 3322 362 3358 Dioecefis
372 3324 464 3369 plene
476 3322 626 3360 insti-uec
637 3348 649 3367 ,
663 3325 754 3372 plena
763 3322 844 3360 fides
861 3322 906 3358 est
919 3323 1072 3360 adhiben-

133 3371 349 3417 d²·457·⁵6·
373 3372 502 3418 &473.
524 3382 582 3419 47·

1192 247 1352 283 Laicalem
1363 250 1395 283 in
1413 247 1609 286 Beneficium
1619 251 1865 288 Ecclefiassicum
1892 254 2003 289 contra
2018 258 2136 292 volun-

1194 302 1294 329 tatem
1305 294 1495 330 Fundatoris
1504 318 1515 329 .
1546 307 1620 342 145.
1634 299 1667 333 8.

1143 338 1187 374 11.
1208 341 1406 386 Approbatis
1419 342 1458 375 ab
1469 343 1746 381 Examinatoribus
1770 347 1897 384 duobus
1917 352 2132 387 concurrenti-

1190 388 1250 422 bus
1260 388 1299 422 ad
1309 387 1395 422 idem
1407 389 1598 425 Beneficium
1609 393 1655 425 uti
1673 394 1762 437 aeque
1786 396 1930 436 idoneis,
1953 396 1976 430 fi
1993 408 2070 434 unus
2087 410 2131 433 eir.

1190 435 1237 470 eis
1248 436 1424 479 praetendat
1437 436 1497 471 effe
1509 436 1645 472 habilior
1657 462 1669 478 ,
1680 440 1712 474 &
1725 443 1863 485 appellet
1876 443 1892 476 ἐι
1899 444 2028 483 judicio
2045 448 2099 480 Ex„
2125 461 2131 474 ε

1188 483 1571 523 minatorum‚ord1narius
1582 483 1678 519 stante
1690 484 1750 519 hac
1761 490 1974 531 appellatione
1988 504 2052 526 non
2067 504 2132 537 po·
2152 494 2154 496 ’

1187 528 1249 564 test
1259 528 1412 564 devenire
1421 530 1461 564 ad
1470 531 1764 575 gratificationem-1
1771 544 1846 578 741
1853 533 2014 583 3.Amplia
2028 538 2078 575 ibi
2087 555 2098 574 ι
2105 550 2130 585 4

1233 574 1316 611 Vide
1326 577 1359 613 in
1370 577 1460 613 verb.
1471 579 1637 627 Epist-opus
1645 602 1657 621 ‚
1671 584 1809 627 congrua
1823 603 1835 617 .

1391 675 1870 714 ORD1NAT10.

1136 765 1180 802 11.
1203 767 1374 804 Ordinatio
1388 769 1478 808 iuxta
1487 768 1674 806 Concilium
1689 770 1910 808 Tridentinum
1922 771 2021 808 debet
2031 773 2126 810 effe,

1184 815 1223 849 ad
1234 816 1362 850 titulum
1374 815 1526 851 Beneficii
1537 817 1741 852 Ecclefiastici
1759 841 1770 852 .
1789 819 1866 861 558.
1881 832 1912 863 3.
1985 843 1987 846 ι

1135 859 1193 896 V-I.
1216 862 1460 904 Ordinatio,ad
1469 875 1564 909 quem
1577 864 1720 910 spectat,
1741 864 1764 898 fi
1786 864 1988 905 Beneficium
2016 867 2053 903 fit
2075 876 2128 910 te-⁴

1148 958 1153 962 .
1180 920 1243 944 nue
1253 933 1264 951 ,
1276 912 1411 946 &extra
1426 911 1583 951 Patriam,
1595 913 1643 946 cui
1666 913 1705 947 ad
1730 923 1903 958 congruam
1924 914 2124 951 sustentatio-

1131 957 1823 1051 ΙΙ.ηῗῖῗτὲυἳέῐῗῗτῗεξέειὲιᾙοέἰὲᾍῖιεέξὶζηζ,
1845 1018 1905 1042 nec
1925 1000 2126 1055 praesentatio

1181 1049 1244 1085 sine
1258 1051 1453 1087 institutione
1464 1051 1507 1087 est
1517 1054 1677 1095 ordinatio
1688 1054 1831 1088 Ecclesiae
1842 1078 1852 1088 .
1884 1065 1958 1102 142.
1975 1067 2005 1099 ς,

1131 1098 1192 1134 VI.
1215 1098 1404 1134 Afferuntur
1415 1100 1564 1145 exempla
1575 1124 1587 1140 ‚
1596 1102 1627 1135 in
1637 1102 1749 1147 quibus
1759 1111 1893 1148 urgente
1916 1103 2123 1139 Ecclesiarum

1180 1145 1356 1181 necessitate
1368 1148 1545 1182 concessum
1555 1147 1614 1183 fuit
1626 1173 1636 1189 ‚
1652 1157 1687 1183 ut
1698 1149 1767 1183 fieri
1783 1150 1881 1193 posset
1898 1151 1935 1184 ab
1961 1151 2124 1196 Episcopis

1179 1193 1340 1228 ordinatio
1353 1195 1555 1238 elericorum
1563 1195 1756 1238 soecularium
1766 1196 1882 1242 absque
1905 1199 2124 1239 Beneficio,&

1180 1238 1382 1275 Patrimonio
1395 1264 1405 1275 .
1428 1246 1508 1286 4¹6.
1529 1254 1561 1286 5.

1223 1286 1305 1322 Vide
1316 1289 1349 1323 in
1366 1288 1457 1327 verb.
1478 1290 1598 1330 Literae
1609 1288 1842 1332 Testimoniales
1855 1313 1866 1325 .

1390 1359 1894 1422 ORDINATuS(

1131 1477 1191 1512 v1.
1216 1476 1391 1512 Ordinatus
1404 1485 1496 1512 extra
1518 1486 1663 1523 tempora
1686 1479 1801 1525 absque
1823 1479 2052 1524 dispensatione
2075 1480 2120 1514 est

1139 1530 1145 1535 '
1175 1526 1214 1560 ab
1225 1526 1416 1559 executione
1433 1525 1583 1569 ordinum
1597 1525 1666 1571 ipso
1674 1527 1750 1567 Jure
1760 1525 1919 1571 suspensus
1931 1551 1942 1560 .
1960 1532 2073 1573 360.2.

1127 1571 1186 1607 V1.
1210 1571 1388 1606 Ordinatus
1401 1572 1418 1606 a
1434 1574 1568 1617 proprio
1581 1571 1739 1618 Episcopo
1762 1585 1825 1607 non
1848 1574 1950 1618 potest
1975 1575 2012 1609 ad
2037 1575 2123 1609 ulte-

1173 1621 1275 1655 riores
1286 1619 1412 1653 ordines
1423 1621 1609 1664 promoveri
1620 1620 1661 1654 ab
1682 1621 1745 1655 alio
1768 1622 1889 1654 ratione
1917 1620 2120 1662 subjectionis

1172 1678 1216 1702 ex
1229 1665 1397 1700 Beneficio
1427 1664 1543 1711 absque
1568 1666 1829 1702 testimonialibus
1856 1667 2120 1713 Episcoporum4

1173 1715 1223 1749 ori
1248 1714 1305 1747 inis
1318 1735 1329 1752 ,
1342 1714 1377 1748 ὅ(
1389 1712 1564 1757 domicilii.
1578 1724 1656 1758 349.
1682 1715 1716 1749 in
1730 1715 1908 1760 Comment.

1126 1761 1185 1796 VI.
1246 1760 1383 1795 rdinatus
1391 1759 1455 1794 fine
1464 1760 1562 1794 titulo
1573 1759 1809 1796 sufficientinon
1822 1760 1867 1796 est
1882 1760 2043 1806 suspensus
2055 1787 2066 1803 ‚
2081 1764 2118 1798 &

1175 1807 1378 1890 rzinistrando
1397 1818 1461 1841 non
1481 1806 1520 1841 fit
1541 1806 1744 1852 irregularis.
1769 1812 1851 1854 416.
1877 1821 1907 1843 2.
1935 1808 2051 1845 Limita
2083 1819 2119 1845 ut

1172 1857 1185 1891 a·
1208 1857 1221 1890 i
1230 1865 1265 1897 4.
2110 1879 2114 1884 -

1125 1904 1184 1942 V1.
1208 1902 1381 1937 ordinatus
1391 1899 1504 1936 coacte
1515 1899 1683 1935 coactione
1706 1901 1878 1941 Causativa
1905 1914 1968 1938 non
1991 1912 2118 1940 tenetur

1175 1949 1213 1984 ad
1229 1959 1344 1984 votum
1355 1972 1366 1990 ,
1380 1949 1434 1983 seu
1449 1948 1681 1997 obligationem
1693 1950 1894 1984 continentiae
1906 1974 1916 1986 .
1943 1963 1958 1994 3
1968 1963 2021 1996 54.
2039 1964 2070 1986 2.

1127 1998 1188 2035 V1.
1210 1996 1385 2031 Ordinatus
1397 1995 1510 2030 coacte
1520 1996 1690 2031 coactione
1704 1996 1850 2041 absoluta
1865 1997 1980 2033 dicitur
1990 1999 2117 2034 nulliter

1173 2043 1339 2080 ordinatus
1353 2067 1362 2078 .
1376 2053 1394 2086 3
1401 2054 1454 2088 54.
1467 2056 1498 2078 2.

1126 2092 1187 2127 VI.
1210 2090 1384 2127 Ordinatus
1396 2102 1454 2137 per
1465 2091 1531 2126 vim
1542 2091 1594 2131 ,δι
1604 2099 1724 2127 metum
1736 2115 1748 2132 ‚
1758 2093 1888 2138 quando
1897 2092 2042 2128 censetur
2059 2104 2116 2129 ra-

1174 2139 1300 2174 tificaffe
1310 2140 1454 2173 ordinem
1467 2137 1640 2182 susceptum
1658 2162 1667 2172 .
1687 2150 1704 2184 3
1713 2151 1727 2183 5
1735 2151 1766 2183 5.
1779 2154 1811 2186 3.
2086 2169 2089 2172 .

1127 2185 1188 2223 VI.
1213 2185 1386 2221 Ordinatus
1402 2186 1442 2225 ad
1452 2185 1717 2221 Subdiaconatum
1729 2186 1774 2232 ²2s¹
1787 2190 1820 2223 in
1834 2185 1908 2223 adu
1922 2191 1990 2230 ejus
2014 2186 2117 2222 colla-

1173 2234 1270 2268 tionis
1281 2242 1389 2279 tangat
1399 2233 1527 2267 calicem
1536 2255 1547 2272 ‚
1557 2234 1591 2268 &
1602 2241 1767 2277 patenam,
1782 2246 1845 2269 non
1864 2244 1971 2270 autem
2001 2235 2116 2269 librum

1173 2279 1383 2326 Epistolarum
1395 2292 1437 2315 ex
1448 2279 1697 2320 inadvertentia,
1709 2292 1746 2315 an
1757 2280 1812 2315 ista
1832 2282 1961 2316 omiffio
1978 2280 2116 2328 suppleri

1174 2329 1265 2373 possit
1277 2339 1333 2372 per
1347 2328 1535 2374 Episcopum
1549 2328 1645 2361 etiarn
1660 2328 1808 2374 privatim
1821 2351 1833 2363 .
1847 2340 1923 2373 355.
1941 2340 1977 2373 4.

1126 2373 1185 2416 VI.
1209 2374 1382 2411 ordinatus
1389 2377 1428 2411 ab
1439 2375 1544 2409 alieno
1555 2374 1715 2419 Episcopo
1725 2375 1841 2419 absque
1863 2375 2114 2411 dimiss'orialibus

1171 2424 1289 2468 proprii
1306 2423 1466 2458 Ordinarii
1479 2429 1620 2455 remanet
1643 2420 1801 2466 suspensus
1814 2422 1832 2456 ὲ
1860 2422 2110 2469 susceptorum-⁹

1171 2470 1316 2505 ordinum
1328 2470 1523 2505 Executione
1537 2491 1548 2501 .
1571 2479 1588 2512 3
1597 2471 1650 2510 56.
1662 2479 1695 2512 3.

1122 2515 1170 2552 11.
1195 2516 1282 2551 Male
1296 2517 1455 2552 ordinatus
1466 2527 1516 2555 an,
1530 2516 1564 2550 &
1575 2515 1702 2560 quando
1712 2513 1807 2561 possit
1822 2515 1937 2551 iterum
1952 2516 2105 2552 ordinari.

1176 2565 1582 2610 151.7.&pag.152.14·

1508 2660 1543 2695 O
1568 2659 1599 2696 R
1623 2659 1658 2694 D
1681 2660 1739 2696 Ο.

1121 2757 1148 2792 Ι.
1169 2754 1266 2790 Ordo
1290 2754 1486 2794 affectionis,
1513 2761 1549 2788 ut
1581 2752 1792 2799 disparitatem
1834 2762 1987 2799 operetur
1998 2777 2009 2794 ‚
2033 2754 2112 2788 itaut

1170 2815 1248 2837 unus
1262 2802 1473 2848 praeferendus
1486 2800 1520 2835 fit
1530 2803 1620 2836 alteri
1633 2802 1664 2835 in
1683 2800 1871 2836 succeffione
1883 2825 1893 2841 ,
1917 2803 1951 2836 &
1967 2800 2112 2837 substitu-

1171 2852 1258 2884 tione
1271 2873 1283 2890 ‚
1293 2861 1336 2883 ex
1345 2850 1458 2895 quibus
1470 2848 1612 2885 aestimari
1627 2848 1740 2882 debeat
1757 2871 1768 2881 .
1790 2849 1866 2888 180.
1883 2859 1915 2893 5.
1928 2851 1962 2885 &
1975 2848 2040 2895 seq.

1125 2897 1169 2936 11.
1194 2897 1395 2931 Ordoliterae
1406 2897 1458 2932 dat
1470 2896 1687 2940 praelationem
1699 2918 1710 2928 .
1727 2905 1801 2938 ¹91·
1820 2907 1871 2940 17.

1123 2945 1165 2980 11.
1190 2944 1254 2979 Pro
1265 2944 1441 2978 obtinendo
1453 2944 1656 2979 Canonicatu
1670 2943 1699 2976 in
1711 2942 1891 2988 Collegiata
1907 2954 1972 2977 non
1998 2942 2108 2988 requi-

1172 2992 1254 3026 ritur
1268 2991 1351 3026 ordo
1358 2991 1570 3027 Sacerdotalis
1581 3012 1594 3031 ‚
1606 2989 1659 3026 sed
1674 2989 1782 3026 sufficit
1792 2991 1894 3036 prima
1917 2989 2085 3026 tonsura-³
2094 3013 2107 3023 .

1125 3051 1192 3121 VI?
1201 3049 1359 3130 5gepztiiita
1369 3084 1413 3120 est
1428 3086 1457 3120 in
1480 3085 1626 3122 libertate
1653 3083 1798 3132 Episcopi
1819 3084 1953 3130 propriis
1980 3056 2109 3119 subditis

1172 3133 1481 3190 ordinesconcedere
1491 3156 1504 3175 ,
1518 3134 1573 3168 vel
1586 3134 1764 3180 denegare.
1782 3143 1799 3179 3
1807 3133 1861 3178 58.
1878 3142 1907 3167 1.
1922 3130 2066 3178 Intellige
2077 3139 2112 3165 ut

1124 3180 1388 3283 vlibizipipitentia
1398 3227 1542 3274 Episcopi
1555 3229 1586 3264 in
1599 3227 1799 3264 conceffione
1811 3226 1958 3263 ordinum
1976 3223 2023 3259 est
2039 3224 2111 3259 lau-

1124 3276 1508 3359 -Vliiagildisoigliiieicon
1514 3322 1630 3360 ferendi
1640 3322 1707 3358 sunt
1723 3323 1752 3358 in
1775 3322 1830 3359 sex
1855 3320 1998 3357 Sabbatis
2017 3319 2112 3354 anni.

1177 3374 1259 3418 360.
1273 3382 1304 3407 1.
1314 3373 1348 3408 &
1359 3384 1393 3419 3.
1404 3371 1443 3406 Et
1457 3376 1578 3417 quare?
1591 3371 1666 3409 vide
1678 3369 1728 3408 ibi
1740 3382 1776 3418 4.
1957 3415 2007 3449 VI
2043 3410 2109 3446 Ne.
