2392 3730
499 278 501 280 -
562 181 795 253 -Index
828 184 1076 254 Rerum
1094 231 1113 268 ‚-
1143 183 1206 253 81
1240 185 1639 256 Verborum.

403 327 758 367 'RECTOR.

92 427 122 460 Ι.
145 421 271 505 Recto?
283 421 437 460 Ecciefiae
445 423 543 459 debet
558 423 719 459 honorare
729 421 947 459 Fundatorem
967 431 1092 469 praece-

102 471 322 506 ‘'Uss‘aiiso
351 477 433 516 501·
591 499 597 501 v

92 522 124 556 1.
150 516 274 554 Rector
282 529 453 553 occurrere
465 517 562 554 debet
573 518 748 554 Fundatori
759 518 901 554 venienti
913 517 953 554 ad
975 517 1093 552 Eccle-

139 564 214 600 fiam
225 589 236 600 .
254 570 288 601 6.
303 579 334 602 2.
346 567 460 602 Limita
472 576 508 602 ut
525 577 596 613 ιτς.

93 610 121 648 I.
144 612 268 648 Reflor
280 613 440 650 honorare
455 613 553 651 debet
567 613 784 650 Fundatorem
808 625 871 660 prae
881 614 1005 648 caeteris
1018 610 1092 646 Lai—

141 662 186 696 cis
199 661 234 695 in
242 672 319 706 pace
333 683 345 702 ‚
359 663 396 698 &
409 663 443 697 in
455 661 640 702 Turribulo,
651 663 747 708 eique
761 660 909 708 praestare
923 662 1029 707 primo
1041 661 1093 694 lo-¹

141 718 185 743 co
197 708 402 744 candelamin
416 710 468 744 die
488 709 723 749 purificationis
738 732 748 749 ,
770 710 888 744 Palmae
914 719 1091 747 ramum-2,

141 755 271 801 Aquam
281 779 293 796 ‚
302 757 337 794 &
348 756 516 793 Carbones
526 756 720 800 Benedicios
734 780 745 796 ‚
757 758 790 792 &
802 758 940 791 cinerem
951 780 963 797 ‚
979 757 1020 791 δι’
1028 755 1094 790 Pa-

143 815 216 839 nem
232 803 444 841 Benedicitur„
455 829 466 840 .
480 819 514 852 7.
530 806 563 839 8.
590 804 703 843 Limita
713 802 763 839 ibi
772 812 852 850 gn-9.

92 851 126 886 1.
150 849 276 886 Recior
286 863 350 887 non
362 853 614 897 potest.vocai·e
634 852 850 887 Fundatorem
860 875 871 892 ‚
893 850 949 886 seii
970 851 1092 887 Patro-

143 909 220 934 num
231 899 336 942 inJJus
351 899 416 934 fine
438 902 551 936 venia.
563 914 598 947 7.
613 912 666 935 ιο.

93 953 124 985 1.
145 945 272 982 ReGor
283 947 431 982 Ecclefiae
442 960 480 983 an
494 956 641 983 teneatur
652 947 756 982 facere
768 947 801 981 in
826 945 919 980 Missa
934 945 1092 982 Comme-

142 995 358 1030 montionem
370 994 535 1040 specialem
548 1006 610 1040 pro
620 996 736 1030 Anima
749 993 940 1028 Fundatoris
955 1017 965 1028 .
975 1000 1022 1041 [7.
1039 1005 1089 1040 13.

92 1038 125 1077 Ι.
150 1041 274 1076 Κεέὲοι·
285 1043 437 1077 Beneficii
448 1043 553 1089 potest
564 1043 731 1089 repudiare
753 1042 911 1088 Legatum
923 1066 933 1082 ‚
959 1043 1090 1087 quando

101 1109 104 1111 -
142 1088 189 1124 est
200 1089 434 1135 perniciosum
460 1090 550 1126 seci‘is
574 1091 704 1138 quando
732 1090 777 1124 est
800 1089 879 1123 utile
900 1088 1067 1124 Beneficio
1078 1112 1088 1122 .

93 1163 121 1221 Ϊ.
142 1137 440 1223 azeis-Beneficii
456 1198 514 1234 per
525 1175 759 1237 aslignationem
775 1185 1012 1222 Alimentorum
1026 1182 1091 1217 Pa·

141 1241 240 1268 trono
266 1244 372 1280 egeno
382 1247 421 1270 an
434 1236 558 1270 dicatur
569 1235 698 1282 spoliari
716 1233 904 1280 possessione
923 1233 1091 1268 Bonorum

142 1280 284 1321 ejusdem
295 1282 451 1318 Beneficii
465 1307 475 1318 .
497 1296 552 1328 29.
565 1295 620 1318 22.

92 1327 122 1365 1.
145 1327 270 1364 Restor
280 1330 427 1366 Ecclefiae
435 1331 458 1366 si
469 1330 654 1366 commodet
663 1339 720 1374 per
730 1329 864 1374 longum
885 1335 1012 1374 tempus
1028 1339 1088 1373 pro

142 1376 198 1411 usu
217 1377 351 1418 alicujus
374 1378 656 1413 Constaternitatis
682 1375 756 1411 vasa
779 1379 943 1423 Argentea
954 1400 966 1417 ‚
996 1387 1090 1423 para-

142 1433 249 1460 menta
259 1448 272 1464 ,
285 1426 319 1460 &
331 1426 510 1470 Campanas
522 1426 660 1472 proprIae
671 1423 818 1459 Ecciefiae
839 1425 916 1470 cogi
932 1423 1039 1469 potest
1053 1425 1084 1458 in

141 1472 286 1507 fiiturum
297 1471 337 1506 ad
351 1472 419 1507 haec
427 1471 599 1518 praestanda
608 1495 619 1506 .
630 1473 687 1507 80.
699 1484 735 1518 7.

93 1525 123 1561 1.
147 1517 271 1554 Rerr
282 1519 315 1552 in
327 1518 380 1554 sua
392 1519 530 1555 Ecclesia
553 1519 658 1564 potest
679 1519 806 1554 Missam
828 1519 992 1554 celebrare
1016 1518 1089 1555 ante

141 1565 271 1602 Missam
284 1566 303 1599 ὲ
314 1566 464 1602 Parocho
476 1568 686 1604 celebratam.
711 1577 786 1601 101.
803 1576 816 1600 1
824 1579 855 1602 2.

91 1621 123 1654 1.
144 1611 308 1650 Rei-stores
314 1613 452 1659 plurium
465 1614 674 1651 Ecclefiaruni
686 1614 730 1650 ob
742 1625 853 1651 earum
864 1613 1090 1650 tenuitatem-2

97 1683 100 1686 ’
141 1660 1088 1756 {issffi‘fiiugfflsst{322055213‘33535223222⁶335?

140 1758 217 1792 tatis
231 1779 243 1797 ,
258 1758 293 1793 &
304 1758 593 1794 confederationis?
609 1770 622 1793 1
633 1769 686 1793 12.
696 1770 731 1800 9.
1030 1769 1031 1772 ’

91 1811 120 1843 1.
143 1802 304 1839 Restm-es
317 1804 528 1852 dilapidantes
547 1805 640 1841 Bona
662 1804 809 1841 Ecclefiae
831 1805 979 1842 dicuntur
1003 1805 1088 1840 illius

141 1852 311 1886 homicidae
322 1876 332 1887 .
347 1866 359 1887 ι
369 1867 421 1890 20·
444 1866 476 1889 2.

93 1906 124 1939 1.
145 1898 271 1935 Recior
284 1899 430 1938 Ecclefiae
441 1910 565 1938 tenetur
576 1901 663 1937 illam
687 1912 858 1947 reparare.
877 1911 955 1936 120.
977 1914 1032 1948 3.‚
1052 1901 1087 1936 &

145 1958 235 1993 paga
243 1959 295 1983 22.
310 1960 323 1981 ι
330 1959 361 1992 3.
947 1972 949 1976 ,

97 1996 127 2031 1.
150 1994 278 2030 Recior
290 2006 328 2031 an
336 2003 483 2033 teneatur
500 1997 539 2032 ad
552 1996 785 2033 restitutionem
797 2019 808 2037 ‚
833 1996 856 2030 fi
880 1997 965 2032 bona
983 1996 1093 2031 Eccle-

145 2042 199 2077 fiae
211 2042 382 2088 perdantur
393 2069 405 2086 ,
422 2055 477 2080 aut
488 2047 683 2081 minorentur
693 2056 736 2080 ex
760 2047 829 2086 ejus
844 2045 940 2090 culpa
950 2068 964 2086 ,
978 2045 1013 2080 &
1033 2055 1095 2079 ne·-

105 2117 108 2121 ,
171 2091 301 2136 ligentia
313 2114 324 2125 .
341 2103 414 2127 ηο.
428 2094 458 2134 5.
475 2095 510 2130 &
521 2098 555 2130 6.

98 2145 129 2180 1.
147 2103 276 2173 {ector
290 2138 436 2186 dissipans
448 2165 459 2182 ,
479 2151 515 2175 ac
530 2141 667 2176 alienans
679 2141 770 2175 Bona
794 2139 940 2176 Ecclefiae
955 2138 1018 2174 fine
1039 2137 1098 2172 de·

147 2186 221 2221 bitis
227 2185 478 2223 solemnitatibus
489 2212 500 2229 ,
512 2188 652 2224 incidens
665 2188 749 2222 illius
761 2187 906 2222 Arbores
921 2212 932 2229 ,
945 2198 983 2222 an
997 2186 1033 2220 sit
1047 2197 1098 2219 re-

148 2234 334 2270 movendus
343 2234 381 2270 ab
396 2235 863 2280 Administratione‚privandus
878 2234 1028 2274 Ecclesia,
1043 2232 1097 2267 seu

149 2280 319 2316 Beneficio
331 2306 344 2323 ‚
365 2293 401 2317 ac
413 2283 760 2319 excommunicandus?
779 2292 856 2318 12i.
870 2295 903 2327 7.
922 2285 955 2318 8.

101 2337 131 2369 1.
155 2328 281 2364 Rector
294 2330 438 2365 Ecclesia:
449 2331 646 2366 Parochialis
657 2341 722 2365 non
745 2340 914 2377 promotus
936 2328 1017 2365 intra
1040 2339 1096 2363 an-

149 2387 224 2411 num
239 2376 279 2412 ad
293 2377 513 2413 Sacerdotium
524 2404 534 2419 ‚
551 2386 586 2413 ut
598 2379 719 2424 privari
731 2376 824 2424 possit
835 2376 920 2413 dicia
933 2375 1073 2413 Ecclesia
1083 2399 1094 2417 ‚

150 2435 222 2470 qua:
232 2427 436 2471 requirantur
448 2449 458 2460 .
479 2427 553 2469 183.
572 2437 622 2461 12.

102 2476 132 2512 1.
156 2471 280 2507 Redor
292 2473 436 2508 Ecclesiae
446 2472 641 2509 parochialis
657 2472 680 2507 si
691 2472 769 2508 infra
790 2483 903 2509 annum
931 2483 996 2508 non
1019 2472 1096 2507 fecit

150 2520 182 2554 sc
193 2521 380 2566 promoveri
398 2522 436 2556 ad
447 2519 666 2556 Sacerdotium
681 2545 692 2561 ‚
702 2520 839 2556 :inlicite
854 2521 947 2568 possit
959 2520 1097 2555 retinere

107 2598 113 2601 .
150 2567 275 2603 fructus
287 2567 453 2610 Ecclesiae,
465 2579 547 2615 quos
558 2570 700 2615 percepit
727 2568 861 2605 durante
884 2580 966 2604 anno
979 2591 990 2603 .
1019 2569 1096 2614 183.

154 2628 169 2652 1
198 2639 210 2650 0

104 2669 136 2704 1.
161 2627 287 2698 ἐεᾶοι·
298 2663 440 2698 Ecclesiae
448 2663 539 2701 salvis
551 2665 677 2708 Juribus
687 2665 816 2700 Patroni
837 2661 942 2710 potest
964 2663 1098 2708 permit-

154 2720 223 2747 tere
235 2711 265 2744 in
278 2711 332 2745 illa
341 2711 613 2749 introdufflonem
630 2712 932 2752 Confi-aternitatis,
961 2713 995 2747 ὅτ,
1017 2722 1099 2746 con-

154 2758 271 2795 cedere
283 2759 352 2794 aliis
362 2759 418 2801 Jus
433 2758 558 2796 sedendi
571 2784 581 2795 .
592 2772 650 2804 90.
667 2773 700 2805 7.

107 2803 154 2840 11.
177 2805 337 2841 Rectores
350 2806 554 2843 Ecclefiarum
567 2832 578 2848 ,
593 2809 628 2843 δι
639 2807 877 2842 Beneficiorum
888 2805 1032 2841 redditus
1044 2805 1098 2841 su-

155 2853 296 2901 perfluos
324 2866 461 2901 erogare
483 2863 630 2891 tenentur
651 2855 849 2902 Pauperibus
873 2855 903 2888 in
917 2853 1102 2900 Eleemosy-

155 2913 227 2937 nam
243 2925 253 2935 .
267 2911 303 2935 11
313 2914 343 2937 2.
359 2912 388 2936 1.

107 2950 155 2987 11.
180 2948 303 2984 Recior
314 2948 489 2996 Hospitalis
499 2951 660 2989 removeri
670 2963 734 2987 non
754 2949 859 2998 potest
881 2947 946 2984 sine
970 2947 1076 2985 Causa
1088 2973 1099 2984 .

105 3003 299 3080 11.31{‘e³csc5›'r
309 3044 454 3080 Ecciefiae
467 3046 659 3083 Parochialis
675 3046 789 3092 'potest
810 3047 929 3091 eligere
953 3057 1015 3092 pro
1037 3046 1104 3086 ejus

156 3091 292 3127 servitio
303 3116 313 3133 ,
327 3094 361 3129 &
375 3093 560 3138 praesentare
571 3094 718 3129 Clericos
744 3094 940 3130 ordinandos
963 3093 1003 3128 ad
1028 3094 1107 3128 titu-

156 3140 223 3176 lum
240 3140 300 3175 suae
314 3140 463 3175 Ecclefiae
473 3143 571 3177 etiam
581 3141 644 3176 sine
654 3141 805 3177 consensu
817 3166 828 3182 ‚
856 3142 892 3177 &
916 3142 1021 3175 invito
1046 3142 1107 3176 Pa-

156 3196 254 3222 trono
267 3211 278 3228 ‚
294 3189 350 3234 qui
372 3189 535 3229 ordinati,
561 3191 596 3225 &
618 3190 767 3224 intitulati
791 3192 823 3223 in
846 3200 884 3223 ea
909 3187 1045 3223 Ecclesia
1066 3187 1106 3223 ad

156 3235 428 3281 praesentationem
441 3236 590 3271 Reaoris
605 3260 616 3277 ,
629 3247 692 3271 non
705 3237 820 3272 habent
838 3237 936 3271 ullum
952 3240 1010 3284 Jus
1032 3237 1106 3272 in...

157 3283 211 3317 illa
226 3285 402 3327 ρωποι-,1ης
416 3284 650 3319 Aliiiientoruni
664 3307 674 3318 .
689 3288 770 3330 603.
795 3286 829 3319 in
843 3292 1012 3319 comment.

108 3335 156 3369 11.
181 3329 306 3365 Recioi·
319 3330 464 3366 Ecclesiae
475 3331 668 3366 parochialis
678 3333 789 3377 nequit
803 3331 968 3367 Miffarum
984 3331 1104 3368 solem-

155 3378 208 3412 nia
218 3401 229 3418 ‚
246 3380 280 3414 &
298 3379 358 3413 alia
369 3378 491 3414 Divina
504 3379 608 3414 officia
621 3379 782 3414 celebrare
793 3378 856 3413 sine
877 3379 1010 3419 alicujus
1025 3379 1107 3415 Cle-

155 3425 234 3465 rici,
245 3425 278 3461 &
294 3425 429 3461 Ministri
442 3426 616 3468 Adiutorio
628 3449 638 3461 .
665 3430 743 3469 604.
760 3427 803 3468 ssin
817 3430 990 3461 comment.

106 3472 150 3508 V.
173 3471 206 3507 Si
236 3473 453 3510 insufficientia
466 3474 650 3511 reddituum
662 3473 809 3510 Ecclesiae
821 3476 990 3519 proveniat
1010 3475 1108 3512 exin-

2025 213 2141 257 101

1196 277 1285 312 curia
1296 300 1307 317 ‚
1316 280 1351 313 &
1361 280 1452 324 culpa
1461 278 1613 315 Recioris
1625 303 1636 320 ,
1649 285 1725 314 tunc
1741 278 1899 316 Patronus
1927 290 1992 315 non
2021 287 2154 315 tenetur

1197 323 1332 361 reficere
1344 324 1517 361 Ecclesiam
1529 349 1541 366 ,
1556 325 1608 360 sed
1621 325 1746 362 Recior
1757 328 1798 363 de
1821 327 1958 374 proprio
1969 327 2066 363 debet
2084 327 2151 362 Ec-

1199 370 1327 406 ciefiam
1339 372 1488 407 resarcire
1496 396 1507 406 .
1518 384 1577 417 95.
1595 383 1610 407 1
1619 384 1648 408 1.
2137 383 2140 386 ·
2153 402 2157 407 .

1150 418 1194 454 V.
1216 416 1341 454 Rector
1353 419 1500 454 Ecclefiae
1514 420 1692 455 Patronalis
1702 432 1764 457 una
1770 433 1843 458 cum
1866 424 2016 460 consensu
2030 424 2151 459 Patro·

1199 467 1255 507 ni,
1265 477 1305 500 an
1316 466 1471 501 reducere
1481 467 1574 512 possit
1598 465 1719 502 fructus
1746 471 1857 505 census
1885 472 2093 519 consignativi
2109 467 2152 503 ad

1199 512 1374 549 Ecclefiam
1387 512 1557 560 spectantis
1571 514 1689 563 absque
1703 515 1913 562 Beneplacito
1933 520 2127 565 Apostolico
2138 537 2148 549 ·

1206 570 1219 591 ι
1227 572 1248 595 0
1275 584 1284 594 .
1300 571 1355 596 10.

1150 606 1194 642 V.
1218 573 1377 643 ngetores
1390 607 1596 645 Ecclefiarum
1608 618 1772 657 nequeunt
1784 611 1930 658 diffipare
1942 636 1953 652 ,
1968 614 2003 648 &
2028 613 2148 648 aliena·

1199 666 1236 690 re
1247 653 1339 690 Bona
1351 656 1565 692 Ecciefiastica
1576 682 1587 698 ,
1611 670 1716 704 neque
1725 659 1884 706 derogare
1901 661 2060 694 voluntati
2073 683 2086 700 ,
2111 659 2156 695 ae-

1199 703 1296 738 menti
1310 703 1527 740 Fundatorum
1546 729 1556 740 .
1573 709 1651 740 106.
1670 710 1703 741 6.

1151 750 1194 785 V.
1218 748 1341 784 Recior
1354 750 1523 798 Regularis
1534 752 1698 788 Seminarii
1713 752 1926 789 administrare
1952 754 2048 790 debet
2076 754 2149 789 red-

1200 798 1286 832 ditus
1299 798 1381 832 illius
1392 810 1464 834 curn
1481 801 1721 845 participatione
1736 825 1747 841 ,
1759 803 1793 837 &
1807 802 1958 836 consensu
1976 801 2148 847 Episcopi,

1202 846 1236 881 δι
1249 844 1323 880 huic
1331 844 1372 879 de
1382 847 1603 883 administratis
1616 849 1775 885 rationem
1785 849 1921 885 reddere
1934 873 1947 884 .
1977 861 1993 885 1
2002 860 2015 885 1
2023 850 2055 885 8.
2067 862 2100 897 3-

1248 890 1330 926 Vide
1356 894 1389 930 in
1413 895 1509 930 verb.
1531 897 1700 945 Epifiopus
1710 921 1721 932 .

1410 972 1895 1031 RECURREN&

1150 1062 1198 1119 11.
1221 1086 1434 1122 Recurrentes
1447 1085 1486 1122 ad
1499 1085 1522 1129 J
1523 1085 1647 1122 udicem
1659 1086 1788 1122 Laicum
1798 1100 1857 1134 pro
1868 1087 2152 1133 definienda1Cau-

1199 1134 1231 1168 sa
1242 1133 1454 1170 Eccleiiastica
1468 1157 1480 1176 ,
1490 1135 1522 1168 in
1535 1144 1613 1180 quas
1625 1145 1722 1183 penas
1734 1137 1874 1172 incidant
1889 1160 1900 1172 .
1916 1139 1996 1184 376.
2015 1146 2066 1171 12.
2076 1160 2088 1178 ‚
2113 1137 2150 1170 &

1198 1181 1285 1228 seqq.

1446 1281 1868 1318 RECURSUS.

1147 1373 1194 1408 11.
1217 1373 1375 1409 Recursus
1401 1373 1440 1409 ad
1460 1373 1607 1416 Judicem
1632 1373 1785 1415 Laicum‚
1812 1374 1942 1421 quando
1974 1374 2155 1420 opponitur

1196 1422 1238 1456 ad
1248 1421 1400 1457 effec‘tum
1412 1422 1592 1468 denegandi
1611 1421 1817 1458 Audientiam
1841 1422 2078 1458 recurrentibus
2091 1421 2155 1456 suf-

1195 1469 1308 1504 ficiunt
1322 1469 1480 1507 Leviores
1491 1470 1697 1515 probationes
1711 1494 1723 1510 ,
1756 1470 1844 1505 secus
1866 1470 1997 1517 quando
2018 1470 2157 1515 opponi-

1196 1525 1250 1551 tur
1259 1516 1299 1551 ad
1310 1517 1462 1552 effefium
1478 1518 1655 1552 declarandi
1673 1517 1891 1553 Recurrentes
1915 1518 2052 1553 incussos
2076 1519 2153 1552 iii-³

1196 1564 1321 1611 penasa
1344 1565 1446 1601 Sacris
1477 1565 1663 1601 Canonibus
1690 1567 1922 1603 comminatas.
1947 1569 2027 1614 376.
2051 1575 2104 1600 ιι.
2144 1566 2156 1576 '

1443 1664 1866 1701 R'EDDITUS.

1148 1760 1197 1795 11.
1221 1757 1330 1792 Annui
1353 1756 1496 1792 redditus
1520 1769 1581 1802 pro
1607 1756 1775 1793 Sacrorum
1801 1757 1980 1794 utensilium
2004 1757 2156 1793 consum-⁴

1196 1808 1333 1850 ptione,
1360 1807 1390 1839 in
1414 1816 1477 1851 qua
1503 1805 1621 1839 sumina
1634 1805 1801 1852 supplendi
1812 1806 1903 1845 finta,
1929 1806 2154 1852 cappellanis.

1146 1899 1176 1936 1.
1201 1864 1361 1935 {gildam
1372 1898 1518 1934 Ecclesiae
1535 1897 1682 1944 superflui
1698 1900 1894 1946 dispensandi
1914 1901 1985 1936 sunt
1994 1899 2154 1948 Pauperi-

1199 1949 1484 2030 buslsidgirsrei·b.
1504 1993 1715 2036 Beneficiatus
1726 2019 1738 2037 ,
1759 1996 1918 2033 Exab'lio.

1426 2092 1873 2130 REDOTANS.

1157 2191 1187 2225 1.
1211 2186 1378 2222 Redotans
1388 2184 1561 2220 Ecclesiam
1573 2208 1583 2224 ‚
1593 2183 1617 2218 sl
1628 2184 1666 2220 fit
1680 2197 1852 2223 extraneus
1862 2191 1880 2227 ‚'
1898 2187 1983 2223 illam
2006 2187 2160 2223 redotare

1205 2234 1302 2269 debet
1319 2234 1358 2268 de
1370 2233 1524 2267 consensu
1534 2232 1665 2268 Patroni
1679 2259 1690 2275 ,
1703 2237 1737 2271 <Sc
1750 2236 1920 2280 Episcopi,
1941 2236 1979 2270 ad
2005 2234 2157 2270 effectum

1205 2281 1388 2327 acquirendi
1401 2281 1638 2326 Juspatronatus
1652 2295 1693 2316 ex
1707 2284 1910 2317 redotatione
1926 2306 1936 2316 .
1962 2294 2016 2328 53.
2029 2287 2063 2318 6.
2154 2281 2161 2288 ’

1157 2331 1186 2363 1.
1211 2329 1373 2364 Redotans
1391 2327 1560 2363 Ecclesiam
1571 2328 1610 2362 ad
1628 2330 1780 2366 effectum
1805 2331 1986 2376 acquirendi
1997 2331 2161 2376 Juspatro-

1203 2386 1294 2411 natus
1306 2401 1317 2417 ,
1333 2377 1504 2421 requiritur
1515 2399 1526 2416 ‚
1538 2374 1627 2421 quod
1642 2378 1788 2413 conferat
1800 2377 1892 2412 Bona
1905 2376 2032 2424 speciali
2055 2378 2157 2412 titulo

1203 2425 1292 2460 dotis
1302 2449 1312 2458 .
1330 2435 1347 2468 5
1354 2436 1386 2469 3.
1399 2427 1432 2458 6.

1156 2470 1215 2506 Vi.
1239 2471 1404 2506 Redotans
1418 2470 1616 2506 Beneficium
1630 2473 1734 2517 potest
1759 2473 1789 2506 in
1810 2472 1916 2507 limine
1945 2471 2158 2507 redotationis

1202 2530 1362 2566 apponere
1375 2518 1479 2565 Leges
1494 2518 1550 2554 sibi
1565 2519 1727 2554 benevisas
1741 2543 1752 2554 .
1769 2531 1847 2566 323.
1867 2532 1884 2555 2
1890 2531 1920 2566 5-

1416 2616 1904 2656 REDOTATIO.

1157 2709 1184 2745 Ι.
1210 2707 1470 2745 Exredotatione
1482 2708 1628 2745 Ecclessae
1655 2711 1827 2757 acquiritur
1853 2711 1884 2746 in
1899 2721 1937 2744 ea
1956 2708 2162 2755 Juspatrona·

1205 2767 1278 2797 tuS,
1292 2769 1346 2805 53.
1365 2769 1395 2792 2.
1412 2781 1421 2798 ,
1437 2758 1471 2792 &
1486 2770 1520 2804 7.

1158 2805 1188 2840 1.
1214 2807 1296 2850 Qae
1307 2807 1508 2851 requirantur
1533 2804 1574 2840 ad
1602 2806 1830 2852 acquirendum
1851 2805 2092 2851 Juspatronatus
2117 2815 2162 2840 ex

1208 2854 1412 2889 redotatione
1426 2876 1436 2887 .
1455 2859 1480 2894 '5
1486 2865 1518 2899 3.
1536 2864 1569 2898 3.
2087 2855 2098 2865 “

1159 2903 1188 2936 1.
1215 2901 1303 2936 Dum
1316 2912 1359 2937 ex
1374 2901 1578 2935 redotatione
1589 2902 1761 2947 acquiritur
1771 2901 2012 2948 Juspatronatus
2024 2910 2088 2936 non
2099 2900 2161 2936 iin-

1207 2950 1337 2996 ponitur
1348 2948 1483 2984 servitus
1497 2949 1544 2984 rei
1552 2947 1673 2984 Sacrae.
1707 2961 1760 2996 53.
1771 2962 1806 2994 9.

1447 3047 1878 3083 REDUCTIO.

1164 3143 1211 3178 11.
1235 3138 1401 3175 Reduffio
1409 3140 1571 3176 Miffarum
1583 3140 1770 3175 conceditur
1781 3165 1792 3181 ‚
1806 3139 1938 3186 quando
1948 3137 2165 3187 Legatumest

1212 3189 1355 3270 tadxagtive
1365 3194 1578 3234 conceptum.
1591 3192 1637 3234 56
1639 3199 1672 3234 5.
1688 3200 1719 3224 2.
1746 3189 1860 3224 Limita
1883 3196 1919 3224 ut
1933 3187 1983 3223 ibi
2007 3200 2039 3233 5.
2064 3186 2165 3234 usque

1214 3247 1231 3270 a
1295 3259 1306 3270 Ο

1165 3288 1213 3322 11.
1236 3281 1400 3317 Reductio
1411 3282 1574 3318 Miss‘arum
1587 3282 1777 3331 ,quomodo
1788 3283 1826 3319 sit
1835 3282 1979 3319 facienda
1991 3305 2001 3317 .
2015 3284 2095 3327 565.
2106 3291 2140 3327 3.

1163 3328 1207 3365 1¹.
1234 3335 1270 3368 In
1284 3329 1475 3365 reducendis
1486 3330 1618 3367 diversis
1642 3331 1794 3366 oneribus
1817 3332 1925 3376 potius
1946 3329 2165 3370 reducenda-2

1214 3376 1284 3412 sunt
1300 3379 1361 3412 alia
1372 3389 1471 3412 onera
1481 3401 1492 3418 ‚
1504 3388 1600 3423 quam
1611 3390 1691 3414 onus
1716 3378 1881 3414 Missarum
1892 3402 1903 3412 .
1923 3382 2002 3423 565.
2011 3389 2046 3421 4-
2156 3379 2162 3388 '

1167 3424 1212 3462 11.
1240 3424 1406 3460 Redufflo
1420 3423 1583 3462 Missarum
1598 3438 1662 3462 non
1674 3425 1882 3466 conceditur,
1907 3424 2036 3470 quando
2057 3421 2166 3469 Legae

1214 3480 1285 3511 tum
1297 3473 1342 3509 est
1355 3470 1602 3512 demonstrative
1609 3481 1800 3518 conceptum
1814 3497 1825 3516 .,
1850 3477 1929 3522 566.
1938 3486 1973 3520 9.
2023 3515 2070 3562 u·
2094 3502 2139 3550 D·

1700 3531 1744 3556 cc
2129 3527 2160 3556 le.
