2392 3730
281 164 509 278 11.4Legatum
522 229 640 266 sactum
651 227 797 264 Ecclefiae
810 228 999 264 Cathedrali
1017 228 1202 265 extenditur
1225 227 1266 263 ad

324 279 605 325 Episcopum-96·
625 288 655 320 5·

280 328 328 362 11.
354 326 512 372 Legatum
528 336 588 370 pro
601 323 700 359 Miffis
712 322 854 359 dicendis
867 324 900 359 in
923 322 1023 359 dubio
1033 322 1176 360 censetur
1189 322 1265 359 reli-

324 373 413 408 &um
426 374 542 409 intuitu
555 370 699 406 Ecclefiae
711 394 721 405 .
744 381 822 417 144.
835 383 869 417 3.

277 422 325 459 11.
354 420 509 465 Legatum
521 418 683 454 Musarum
694 417 814 454 factum
826 419 942 453 intuitu
952 417 1096 453 Ecclesiae
1105 417 1151 453 est
1161 418 1264 454 adim-

324 467 474 511 plendum
487 477 542 512 per
552 464 728 502 Rectorem
740 465 884 501 Ecclefiae
895 489 906 499 .
934 477 1010 511 ¹44·
1023 479 1055 512 3.

278 514 323 549 11.
349 515 387 548 In
397 513 525 559 Legatis
552 513 571 554 J
574 513 821 559 urispatronatus
846 511 1113 548 conditionalibus
1130 510 1267 546 attendi-

325 568 378 595 tur
385 569 514 606 tempus
522 561 696 606 purificatae
709 559 901 594 conditionis
911 583 922 599 ‚
945 561 980 595 &
990 559 1031 593 de
1055 570 1099 594 eo
1119 567 1266 605 tempore

325 609 446 643 tantiam
464 608 500 642 fit
512 609 672 643 translatio
680 606 943 651 jurispatronatus
953 630 963 641 .
983 607 1059 654 ¹84·
1073 609 1126 641 16.

280 652 338 688 VI.
362 655 516 701 Legatum
532 655 691 689 Miffarum
702 678 713 694 ‚
725 654 851 699 quando
862 652 907 688 est
929 653 1175 689 demonstrative
1187 665 1267 689 con·-

322 711 452 747 ceptum
467 702 627 737 diminutis
639 701 813 736 redditibus
826 713 889 736 non
901 700 945 735 est
958 702 1046 737 locus
1060 699 1241 736 reductioni
1254 724 1266 741 ‚

325 749 380 784 sed
392 749 630 794 supplemento.
643 760 721 795 397.
742 750 812 784 1.&
826 759 860 794 4.
873 748 986 783 Limita
996 773 1008 789 ,
1031 756 1067 783 ut
1078 747 1128 783 ibi
1142 759 1174 792 3.

280 794 336 830 VI.
360 795 515 841 Legatum
526 819 537 836 ‚
569 796 698 841 quando
728 797 852 831 dicatur
886 793 1132 831 demonstrative
1153 805 1267 831 conce-

348 851 415 878 tum
428 867 437 876 .
526 867 536 878 .
548 853 578 878 2.

278 855 346 923 VI?
359 854 526 935 Obligitiig
552 888 681 934 petendi
703 889 886 926 consensum
910 890 1060 925 ordinarii
1082 902 1146 925 non
1163 891 1265 927 reddit

246 971 258 982 ‚
325 937 482 982 Legatum
508 935 776 1018 Juiispatronatus
795 938 1010 973 conditionale
1021 961 1031 973 .
1054 941 1134 985 462.
1158 951 1208 975 ι2.
1231 941 1266 975 &

364 995 437 1018 uare
449 983 550 1019 videi
573 985 609 1019 i.
654 1004 657 1005 ν

279 984 516 1076 VLQLegatum
524 1030 792 1078 Jurispatronatus
803 1033 916 1068 dicitur
937 1033 1088 1079 implicite
1111 1036 1269 1080 approba-

324 1086 392 1112 tum
406 1077 430 1111 fi
442 1078 616 1124 Epistopus
630 1081 809 1116 committat
825 1080 954 1116 Vicario
969 1096 980 1121 ¹,
993 1080 1081 1126 quod
1103 1082 1270 1126 praesenta-

326 1132 363 1159 to
371 1136 427 1169 per
438 1124 639 1171 Legatariurn
649 1125 876 1163 institutionem
890 1129 1046 1165 concedat
1056 1152 1066 1162 .
1075 1132 1155 1175 465.
1171 1141 1220 1164 22.
1267 1164 1273 1170 ,

278 1169 338 1209 Ἦ.
363 1171 521 1218 Legatum
532 1173 799 1219 Jurispatronatus
810 1175 926 1212 dicitur
940 1176 1034 1211 tacite
1048 1176 1268 1211 confirmatum

324 1218 348 1252 fi
357 1221 534 1256 ordinarius
546 1221 820 1268 qualitercumque
832 1224 864 1257 in
879 1222 1000 1258 afflbus
1017 1224 1268 1269 proportionatis

279 1267 1175 1362 vigissgiiissiffissiigffisstissssiiqfig‘fflsssiu3⁶3i
1189 1283 1269 1352 ἔξ.-

325 1360 508 1396 firmatione
522 1362 669 1407 Episcopi
690 1375 727 1396 an
738 1364 776 1397 fit
790 1365 920 1405 inutile,
948 1367 982 1400 δε
1007 1365 1152 1400 inefficax
1164 1389 1174 1399 .
1189 1368 1268 1410 460.

279 1409 801 1502 Vlff'Lssgggiffinffgii{patronatus
829 1459 975 1504 quamvis
995 1459 1119 1504 penitus
1138 1460 1269 1505 ignora-

326 1509 394 1582 tium
404 1502 422 1536 a
432 1502 603 1550 Legatario
617 1503 861 1552 ,tranfinittitur
867 1514 972 1540 tamen
998 1507 1038 1541 ad
1049 1506 1143 1548 hujus
1164 1507 1269 1542 haere-

350 1560 382 1584 es
392 1574 402 1584 .
440 1555 495 1586 60.
512 1555 545 1587 6.

280 1593 339 1633 VI.
363 1561 552 1633 De4ratione
562 1598 745 1634 differentiae
759 1623 769 1639 ,
786 1610 841 1635 cur
851 1600 1017 1636 haereditas
1032 1602 1109 1646 pure
1124 1601 1268 1638 delata-³

326 1655 389 1679 non
405 1645 716 1688 transmittatur,niss
728 1647 822 1681 fuerit
844 1649 971 1694 agnita,
998 1649 1084 1683 secus
1106 1650 1187 1685 vero
1207 1649 1270 1683 Le-

325 1700 434 1736 gatum
447 1717 459 1733 ‚
476 1694 529 1727 vel
542 1693 824 1729 Fideicommiffum
833 1719 844 1735 ‚
853 1695 941 1740 quod
952 1707 1015 1731 non
1032 1698 1172 1742 agnitum
1184 1721 1195 1737 ‚
1211 1708 1269 1731 nec

325 1739 429 1774 verbo
438 1740 617 1775 restitutum
630 1741 670 1775 ad
690 1740 833 1776 haeredes
843 1742 1077 1778 transmittitur.
1092 1749 1171 1789 461.
1187 1757 1221 1790 7.

279 1782 336 1819 Vl.
360 1785 513 1831 Legatum
525 1787 795 1832 Jurispatronatus
810 1789 923 1834 absque
948 1789 1098 1825 consensu
1120 1791 1267 1836 Episcopi

325 1832 370 1866 est
381 1834 510 1879 quidem
522 1835 670 1869 inefficax
683 1835 722 1868 ad
734 1835 981 1873 transferendum
998 1838 1173 1874 dominium
1186 1862 1198 1879 ,
1214 1838 1268 1873 sed

324 1891 389 1913 non
407 1880 451 1914 est
463 1882 594 1916 omnino
605 1882 727 1922 inutile,
736 1890 883 1928 tanquam
902 1882 926 1915 si
939 1883 1084 1919 Testator
1098 1886 1175 1920 nihil
1185 1886 1268 1931 egis—

323 1925 369 1960 set
380 1950 391 1966 ,
405 1936 457 1962 aut
480 1928 633 1970 ejusmodi
646 1929 770 1974 Legato
780 1930 835 1964 lex
851 1928 1005 1966 resisteret
1023 1957 1033 1966 .
1047 1936 1128 1978 461.
1141 1933 1173 1967 8.

371 1973 454 2009 Vide
466 1977 499 2010 in
523 1977 612 2011 verb-
633 1976 767 2020 Ecclesia
777 2002 786 2018 ,
823 1981 1021 2015 commutare
1045 2003 1056 2021 ,
1081 1983 1268 2015 Commuta-

326 2022 384 2061 tio,
398 2028 518 2064 meres,
530 2023 728 2066 Confirmatio
741 2047 752 2064 ‚
767 2025 919 2060 Fundatio
932 2050 942 2061 .

591 2115 963 2157 LEGATUS.

279 2203 322 2240 11.
345 2204 483 2251 Legatus
496 2192 518 2241 a
527 2207 640 2245 Latere
654 2209 755 2253 potest
767 2209 823 2245 fibi
833 2209 998 2246 reservare
1007 2233 1018 2250 ,
1030 2210 1175 2245 &libere
1189 2220 1266 2245 con-

325 2251 406 2286 ferre
416 2252 573 2289 Beneficia
580 2256 620 2290 de
630 2260 895 2302 Jurepatronatus
921 2256 1137 2292 Ecclefiastico
1161 2260 1265 2293 invito

327 2299 552 2344 &irrequisito
566 2302 708 2338 Patrono
719 2323 732 2340 ‚
745 2303 829 2338 secus
843 2303 1005 2339 Beneficia
1015 2306 1054 2339 de
1075 2306 1265 2350 Jurepatro·

325 2353 416 2380 natus
427 2346 545 2383 Laicali
557 2373 566 2383 .
578 2352 660 2384 602.
671 2352 704 2385 in
715 2351 937 2386 comment-Et
952 2363 1052 2396 quare
1078 2353 1151 2387 vide
1162 2352 1212 2388 ibi
1229 2365 1264 2399 4.

278 2391 322 2432 11.
347 2391 483 2438 Legatus
493 2395 573 2430 unde
589 2396 728 2432 dicatur.
746 2401 822 2432 602.
838 2412 867 2433 ι.

279 2443 345 2521 11}
348 2438 579 2525 {ignigiggaqtur
588 2444 651 2478 tria
662 2456 780 2490 genera
791 2444 985 2490 Legatorum
1011 2446 1101 2481 Sedis
1124 2446 1152 2480 A
1157 2446 1265 2492 posto·

277 2499 429 2616 HiQTae
441 2533 478 2569 sit
486 2513 660 2574 differentia
667 2540 748 2576 inter
759 2538 913 2585 Legatum
929 2539 946 2573 a
969 2539 1083 2575 Latere
1095 2565 1106 2582 ,
1128 2543 1162 2577 &
1183 2541 1261 2576 alios

279 2631 328 2665 11,
348 2590 464 2674 {gagii
472 2587 582 2672 Νῗίεᾶῐῖ
590 2598 647 2668 ise!
661 2635 723 2669 nati
734 2635 851 2670 nullam
865 2633 983 2668 habent
992 2640 1071 2681 Jure
1082 2636 1262 2682 Legationis

327 2676 508 2713 facultatem
518 2680 700 2716 conferendi
709 2681 868 2716 Beneficia
877 2705 888 2715 .
906 2685 952 2716 60
957 2692 986 2715 2.
998 2693 1030 2727 3.

201 2719 206 2723 ⁴
276 2723 323 2760 11.
346 2723 484 2768 Legatus
508 2726 648 2763 &Latere
659 2730 742 2775 gerit
757 2730 844 2764 vices
854 2728 990 2763 Romani
1004 2728 1171 2766 Pontificis
1186 2732 1260 2768 im)

326 2769 502 2806 Provinciis
512 2772 568 2808 fibi
579 2774 744 2822 designatis
757 2801 767 2810 .
779 2781 861 2812 602.
874 2788 911 2822 4.

280 2819 330 2857 ΙΙ.
353 2818 492 2863 Legatus
501 2819 517 2854 ὲ
527 2820 640 2857 Latere
651 2823 749 2858 hodie
761 2835 826 2858 non
839 2821 943 2868 potest
954 2821 1010 2856 fibi
1029 2824 1191 2860 reservare
1200 2850 1210 2866 ,
1227 2828 1261 2862 &

325 2866 424 2902 libere
435 2867 577 2904 conferre
589 2869 748 2906 Beneficia
773 2878 922 2906 vacatura
942 2868 981 2903 de
1002 2870 1260 2918 Jurepatronatus

325 2912 540 2993 {cclefiastico
571 2930 630 2962 pro
660 2926 746 2953 certa
767 2935 769 2939 f
782 2917 917 2964 persona
928 2940 940 2958 ‚
957 2916 1043 2952 secus
1055 2921 1097 2963 ⁸in
1121 2932 1238 2966 genere
1249 2945 1259 2955 .

270 2981 274 2983 -
352 2972 408 2995 02.
421 2971 449 2994 ι.

279 3004 323 3040 11.
347 3006 417 3041 Nec
429 3008 531 3051 potest
541 3010 596 3046 fibi
606 3012 764 3047 reservare
777 3034 788 3052 ,
797 3011 943 3047 &libere
957 3013 1102 3049 conferre
1127 3015 1259 3051 Benefi-

327 3052 373 3086 ὀᾶ
379 3053 639 3099 Jurispatronatus
651 3059 820 3095 Laicorum
831 3083 841 3094 .
852 3063 934 3105 603.
945 3072 976 3095 2.
986 3060 1100 3096 Limita
1121 3071 1156 3097 ut
1170 3062 1235 3099 ibi.

279 3100 327 3136 11.
351 3098 420 3133 Nec
430 3099 587 3140 Beneficia
595 3106 857 3153 jurispatronatus
865 3108 957 3143 mixti
968 3131 978 3142 .
991 3111 1071 3154 603.
1087 3118 1119 3151 3.

267 3222 273 3228 .
325 3196 574 3235 LEGITIM
589 3203 640 3247 A,
672 3204 1210 3242 LEGITI-MATARIUS.

268 3286 325 3323 Π.
348 3287 506 3336 Legitima
540 3291 586 3327 est
599 3303 698 3339 quota
717 3296 883 3333 Bonorum
903 3297 1119 3334 haereditatis.
1139 3310 1214 3345 pag.
1223 3311 1257 3342 9.

277 3347 506 3430 11³¹Xingnare
531 3386 716 3435 Congruam
749 3390 946 3438 cappellano
968 3393 1108 3430 debitam
1131 3376 1176 3429 an>
1194 3405 1255 3440 pro

777 138 983 203 Index
1015 137 1291 212 Rerum,
1323 134 1388 203 81
1417 135 1816 206 Ver-borum.

1369 233 1459 274 parte
1473 226 1615 273 speflare
1626 229 1718 274 poffit
1728 230 1768 265 ad
1778 230 1936 266 haeredem
1946 229 2206 274 universalem,ad
2211 244 2308 281 quem

1368 273 1511 311 transivit
1517 274 1762 321 Juspatronatus
1773 288 1844 313 cum
1859 278 2043 314 haereditate
2053 302 2065 321 ,
2089 281 2125 317 δε
2135 291 2196 326 pro
2219 291 2310 328 pane

1369 321 1410 358 ad
1421 320 1693 370 Legitiinatarium
1708 347 1719 359 .
1742 327 1820 370 2'72.
1839 337 1890 368 ¹7·
1905 326 1941 362 &
1956 339 2033 373 274·
2046 330 2100 363 26.

1649 417 1996 456 LEVITAS.

1320 509 1369 544 11.
1394 508 1472 544 Non
1486 512 1589 547 omnis
1603 512 1718 546 levitas
1732 513 1848 552 animi,
1875 511 1931 547 seu
1944 513 2058 548 mentis
2087 515 2134 550 est
2157 516 2308 553 sufficiens

1367 557 1522 592 reddendi
1533 558 1708 595 Pati-onum
1720 558 1892 594 inhabilem
1902 559 1942 594 ad
1950 560 2213 605 praesentandum.
2229 570 2308 602 206.
2382 579 2392 597 u

1371 614 1428 650 44·

1743 699 1898 736 tax.

1324 791 1353 825 1.
1377 791 1449 828 Lex
1463 793 1596 830 humana
1607 794 1716 840 nequit
1730 794 1920 840 prohibere,
1941 796 1976 831 δι
1999 796 2152 842 impedire
2177 790 2314 837 liberam⁸

1368 841 1596 876 executionem
1611 853 1725 878 eorum
1737 865 1747 882 ,
1759 852 1828 887 quae
1836 843 1968 878 tendunt
1978 844 2151 882 incultum
2172 845 2237 882 Dei
2249 855 2263 890 ',
2274 851 2320 884 δι’
2379 838 2392 876 3

1370 886 1501 922 salutem
1517 889 1643 924 Animae
1655 911 1666 922 .
1677 900 1733 934 4¹·
1753 901 1783 923 2.

1322 935 1353 968 Ι.
1377 933 1447 968 Lex
1457 934 1648 970 fundationis
1657 935 1703 969 est
1717 937 1848 971 omnino
1858 935 2008 974 servanda
2019 962 2029 978 .
2045 939 2122 984 238.
2134 951 2167 985 7.

1323 981 1349 1015 1.
1377 981 1504 1017 Priores
1518 984 1606 1029 leges
1618 983 1656 1018 ad
1670 983 1862 1029 posteriores
1879 985 2044 1020 trahuntur
2056 1009 2066 1019 .
2093 997 2168 1030 215-
2181 998 2214 1033 3.

1324 1030 1368 1064 11.
1393 1028 1475 1074 Qae
1482 1030 1542 1064 sint
1553 1030 1592 1064 de
1603 1029 1690 1076 Lege
1703 1030 1889 1066 Dioecesana
1902 1056 1914 1073 ,
1935 1033 1970 1067 δι
1981 1043 2051 1078 quae
2061 1032 2102 1067 de
2113 1032 2201 1079 Lege
2208 1035 2310 1077 juris..

1371 1075 1533 1111 diffionali
1549 1077 1716 1122 Episcopi.
1727 1090 1804 1124 247.
1817 1081 1849 1112 6.
1860 1079 1894 1114 &
1917 1078 1982 1124 seq.

1324 1124 1370 1158 11.
1396 1123 1463 1158 Lex
1477 1124 1611 1166 Civilis,
1627 1136 1665 1160 an
1677 1126 1783 1160 locum
1795 1124 1910 1161 habeat
1923 1150 1935 1168 ‚
1956 1126 2059 1163 seuan
2075 1127 2237 1165 observari
2250 1131 2308 1166 de-

1371 1172 1443 1207 beat
1454 1172 1485 1205 in
1498 1172 1590 1207 rebus
1601 1172 1821 1208 Ecclesiasticis
1830 1195 1841 1212 ,
1853 1173 2064 1218 spiritualibus
2073 1197 2085 1215 ‚
2097 1175 2151 1210 vel
2164 1175 2309 1223 spiritua-

1371 1220 1450 1254 litati
1462 1222 1611 1254 annexis.
1626 1232 1703 1266 323.
1721 1233 1750 1256 2.
1763 1230 1841 1265 324.
1853 1224 1887 1255 6.
2247 1229 2252 1233 '
2300 1233 2306 1238 ’

1323 1268 1369 1302 11.
1393 1265 1496 1309 Lexst'
1509 1278 1658 1314 umquam
1683 1270 1753 1304 cod.
1772 1269 1809 1301 de
1840 1271 2006 1305 revocand.
2031 1270 2138 1324 donat.
2157 1247 2309 1319 compre-
2366 1272 2370 1278 “

1950 1327 2020 1362 quae
2031 1325 2196 1354 continent
2215 1323 2309 1359 nou·

1369 1313 1479 1348 hendit
1491 1313 1678 1355 donationes
1690 1326 1799 1350 earum
1811 1326 1915 1352 rerum
1927 1340 1939 1358 ,

1370 1360 1466 1397 bilem
1476 1361 1710 1397 aestimationem
1722 1386 1732 1396 .
1745 1374 1762 1407 3
1770 1374 1823 1407 23.
1837 1373 1868 1407 3.
2166 1386 2177 1399 ι
2244 1390 2246 1396 ,

1324 1409 1369 1443 11.
1394 1408 1513 1443 Eadem
1528 1408 1599 1443 Lex
1609 1416 1679 1444 tota
1689 1409 1836 1444 fundatur
1847 1411 1877 1444 in
1887 1410 2131 1457 praesumptione
2143 1438 2155 1450 .
2170 1425 2284 1463 323030

1323 1451 1368 1489 ΙΙ.
1393 1453 1461 1488 Lex
1468 1454 1499 1497 st
1512 1467 1660 1502 umquam
1682 1457 1776 1491 habet
1799 1458 1905 1492 locum
1925 1459 1956 1492 in
1976 1459 2151 1496 donatione
2170 1463 2308 1509 jurispa-

1371 1510 1513 1536 tronatus
1526 1526 1536 1536 .
1549 1515 1625 1548 324.
1639 1516 1669 1546 ς.
1680 1503 1794 1538 Limita
1801 1512 1836 1537 ut
1843 1502 1892 1538 ibi
1905 1516 1958 1544 10·
1981 1506 2079 1552 usque
2103 1508 2143 1543 ad
2158 1520 2211 1555 14.

1323 1548 1365 1584 ΙΙ.
1390 1547 1491 1591 Lexsi
1502 1561 1649 1597 umquam
1671 1549 1770 1585 habet
1794 1551 1900 1586 locum
1924 1553 2020 1588 etiam
2041 1555 2073 1587 in
2094 1555 2304 1594 donatione,
2377 1558 2386 1596 ἓ

1372 1607 1478 1631 earum
1491 1608 1618 1638 rerum,
1629 1609 1699 1644 quae
1713 1598 1779 1633 sunt
1793 1597 1987 1633 aestimabiles
2001 1601 2111 1645 quoad
2131 1601 2279 1640 decorem
2290 1628 2303 1647 ‚
2335 1647 2338 1649 μ
2364 1605 2372 1627 ’·

1371 1644 1683 1690 &praeeminentiam
1693 1669 1703 1679 .
1717 1658 1733 1691 3
1741 1658 1791 1694 24.
1806 1646 1839 1679 8.

1323 1690 1368 1725 ΙΙ.
1392 1690 1502 1726 Nemo
1511 1691 1718 1727 censeturssbi
1729 1694 1832 1738 legem
1843 1693 1999 1728 indicere.
2026 1675 2063 1730 Sc
2084 1687 2235 1741 Ligamen
2253 1699 2304 1736 in.

1371 1738 1454 1773 ferre·
1462 1759 1477 1772 v.
1486 1750 1503 1784 3
1511 1750 1565 1784 57.
1577 1750 1607 1781 3.
1620 1741 1655 1775 ἃ
1664 1753 1680 1786 3
1688 1744 1743 1775 60.
1762 1756 1774 1775 1
1783 1751 1815 1784 5.

1323 1791 1369 1824 11.
1394 1784 1464 1820 Lex
1475 1786 1665 1822 fundationis
1682 1789 1846 1833 requirens
1868 1789 2052 1833 qualitatem
2074 1790 2205 1837 originis
2227 1777 2303 1830 in...»
2328 1832 2331 1836 r
2379 1790 2382 1794 ⁸

1369 1833 1571 1878 providendo
1582 1834 1622 1868 de
1635 1834 1797 1870 Beneficio
1810 1859 1820 1875 ,
1832 1847 1870 1870 an
1880 1859 1891 1875 ‚
1904 1837 1940 1871 &
1953 1835 2090 1881 quandos
2103 1849 2168 1873 non
2190 1840 2304 1883 afficiat
2366 1844 2384 1868 »¹

1369 1879 1534 1925 ipsummet
1545 1880 1742 1917 fundatorem
1753 1908 1763 1918 .
1781 1894 1822 1928 43
1833 1899 1860 1918 ι.
1876 1895 1928 1929 ¹3·

1322 1930 1371 1964 11.
1395 1927 1464 1962 Lex
1478 1927 1685 1964 Ecclefiastica
1698 1955 1709 1971 ‚
1721 1943 1760 1965 an
1774 1955 1783 1970 ,
1794 1931 1830 1965 &
1842 1930 1971 1975 quando
1984 1932 2079 1967 etiarn
2088 1943 2152 1968 non
2173 1943 2302 1982 recepta
2372 1931 2386 1965 '-

1368 1975 1561 2010 suumrobur
1583 1975 1717 2019 habeat,
1734 1979 1769 2014 &
1790 1977 1979 2016 efficaciam.
2028 1989 2148 2026 37.23.
2166 1981 2279 2029 &seq.

1321 2021 1363 2057 11.
1389 2026 1450 2060 Per
1462 2025 1673 2060 centenariam
1688 2026 1916 2061 observantiam
1928 2026 1982 2061 lex
2011 2026 2187 2063 undationis
2199 2029 2305 2065 cense-
2368 2026 2382 2052 f·

1367 2071 1393 2104 ri
1408 2069 1510 2114 potest
1521 2072 1705 2112 immutata,
1731 2074 1765 2108 &
1779 2074 1932 2108 contraria
1959 2074 2090 2118 qualitas
2111 2074 2303 2122 Jurispatro-
2335 2094 2337 2099 ·

1368 2125 1457 2151 natus
1469 2117 1594 2153 induci.
1618 2124 1697 2166 465.
1714 2132 1765 2166 24.

1319 2164 1367 2200 11.
1392 2164 1462 2199 Lex
1473 2166 1603 2209 poenalis
1617 2168 1639 2200 fi
1652 2175 1757 2201 utatur
1779 2168 1882 2202 verbis
1902 2176 2022 2204 tantum
2052 2169 2319 2207 comminatoriis·
2354 2161 2387 2201 12³

1367 2223 1431 2246 non
1444 2213 1584 2247 continet
1601 2211 1781 2250 sententiam
1795 2215 1891 2250 latam
1902 2239 1914 2256 ‚
1937 2215 1991 2251 sed
2015 2215 2174 2253 ferendam
2188 2241 2200 2252 .
2220 2229 2302 2263 49¹·
2355 2219 2378 2267 li

1370 2271 1424 2304 37·
1631 2292 1638 2295 s

1320 2311 1366 2344 11.
1391 2306 1460 2342 Lex
1470 2308 1569 2353 qualis
1584 2308 1699 2343 debeat
1709 2310 1768 2344 effe
1779 2309 1818 2344 ad
1831 2310 2036 2346 inducendam
2057 2320 2180 2356 poenam
2194 2293 2313 2358 priva-⁶
2352 2297 2389 2361 3}

2327 406 2343 430 r

2383 607 2392 657 1

2382 782 2392 835 ἐ

1366 2354 1461 2388 tionis
1474 2354 1690 2395 Beneficii‚aut
1703 2356 1859 2402 pensionis
1867 2357 1937 2403 ipso
1943 2358 2018 2400 Jure
2028 2359 2278 2396 incurrendam...
2286 2381 2300 2396 .
2355 2369 2382 2404 ,χῖ

1365 2412 1510 2448 491·37·

1319 2449 1363 2487 11.
1390 2448 1467 2483 Non
1477 2448 1561 2484 adest
1574 2451 1635 2485 ulla
1647 2450 1716 2485 Lex
1727 2475 1738 2491 ‚
1751 2450 1864 2486 Canon
1877 2475 1887 2491 ,
1909 2461 1963 2487 aut
1986 2443 2300 2501 (Σοηίίἰεικίόὼο-
2352 2460 2359 2474 ¹

1367 2494 1476 2530 stolica
1488 2520 1497 2535 ,
1509 2507 1581 2542 quae
1592 2498 1717 2532 inducat
1728 2496 1795 2542 ipso
1806 2503 1883 2547 Jure
1896 2523 1907 2540 ‚
1920 2501 2032 2546 &ipso
2055 2500 2142 2536 fufio
2165 2499 2300 2536 amiffio-

1365 2554 1436 2577 nem
1451 2544 1621 2587 peniionis,
1635 2554 1688 2581 aut
1698 2545 1848 2580 Beneficii
1862 2557 1994 2592 propter
2004 2548 2174 2594 fimplicem
2186 2548 2299 2588 affum'·

1366 2591 1506 2635 ptionem
1522 2592 1640 2627 militiae
1652 2617 1662 2626 .
1677 2604 1758 2637 492.
1783 2593 1837 2638 38.

1318 2639 1364 2674 11.
1389 2637 1423 2672 In
1432 2638 1549 2673 casibus
1565 2639 1695 2674 diverfis
1705 2640 1822 2674 attendi
1844 2651 1907 2674 non
1925 2641 2042 2677 debent
2063 2621 2189 2688 Leges,>
2212 2642 2299 2677 deci-
2346 2628 2369 2671 ,2³
2390 2627 2392 2638 ³

1365 2684 1469 2720 fiones
1485 2709 1496 2726 ‚
1509 2687 1542 2722 &
1556 2687 1765 2722 resolutiones
1779 2689 1810 2721 in
1821 2688 1909 2723 litera
1922 2712 1934 2730 ‚
1951 2689 2003 2723 seu
2015 2689 2205 2735 fimpliciter„
2218 2699 2296 2736 597·
2347 2683 2377 2732 ζ

1371 2743 1422 2775 14.

1317 2784 1381 2819 111.
1406 2779 1474 2814 Lex
1497 2781 1529 2814 in
1558 2769 1645 2815 omni
1677 2781 1878 2826 dispofitione
1912 2783 2053 2819 fraudem
2074 2766 2297 2829 abominatur}
2320 2811 2322 2814 s
2345 2774 2362 2834 ·4’

1366 2839 1420 2861 22.
1437 2843 1464 2862 1-

1315 2875 1370 2909 lv.
1397 2874 1504 2909 Virtus
1515 2875 1593 2922 legis
1615 2875 1661 2910 est
1682 2875 1757 2910 dare
1777 2888 1925 2914 normam·
1943 2877 2077 2918 futuris,
2105 2889 2171 2913 non
2188 2846 2310 2941 ωξςβῑ
2341 2903 2345 2907 ,-

1363 2923 1530 2967 praeteritis
1544 2924 1686 2968 negociis
1702 2947 1711 2956 .
1734 2925 1788 2968 38.
1804 2936 1831 2959 Ι.

1315 2969 1373 3004 lV.
1396 2968 1465 3004 Lex
1478 2981 1624 3004 emanans
1637 2981 1697 3014 pro
1708 2970 1920 3008 declaratione
1929 2975 2011 3016 Juris
2024 2972 2183 3007 dubiinon
2193 2967 2293 3008 solum
2327 3001 2333 3007 .
2348 2992 2350 2995 v

1361 3016 1486 3061 respicit
1497 3016 1599 3052 futura
1610 3040 1622 3057 ,
1633 3016 1684 3050 sed
1698 3019 1792 3054 etiam
1803 3022 1962 3065 praeterita
1975 3045 1985 3055 .
2009 3020 2062 3066 38.
2077 3033 2108 3055 2.
2230 3036 2233 3039 ·
2250 3064 2253 3067 .

1314 3064 1356 3099 V.
1380 3063 1608 3099 Nostrumnon
1620 3063 1664 3097 est
1677 3065 1781 3111 legem
1793 3090 1804 3106 ,
1820 3068 1873 3101 vel
1885 3068 2047 3103 Canonem
2072 3069 2154 3102 ultra
2174 3064 2292 3103 Casum

1361 3111 1449 3146 suurn
1473 3111 1662 3150 extendere.
1684 3123 1740 3158 75.
1755 3129 1783 3149 ι.
2276 3120 2278 3122 ’

1312 3157 1354 3192 Il.
1378 3158 1449 3193 Lex
1459 3158 1720 3199 laudationis&
1745 3172 1809 3195 non
1835 3160 1997 3207 dispositio
2027 3142 2290 3197 testamentaria-'2
2340 3196 2342 3198 ,
2366 3169 2372 3172 ’

1359 3205 1599 3240 attendendaest
1609 3206 1648 3240 ad
1659 3206 1808 3243 effectum
1832 3207 2019 3254 agnoscendi
2032 3209 2214 3254 qualitatem
2233 3206 2291 3248 Ju-
2350 3255 2351 3258 Ἴ

1358 3253 1583 3297 rispatronatus
1594 3264 1650 3299 42.
1664 3266 1716 3287 ro.
1726 3256 1760 3290 &
1773 3256 1834 3301 seq.

1311 3303 1358 3338 11.
1383 3299 1453 3337 Lex
1463 3300 1666 3345 praesentandi
1677 3302 1746 3336 talis
1762 3302 1926 3343 censetur,
1953 3303 2081 3350 qualem
2103 3297 2292 3338 demonstrat
2347 3310 2357 3322 -’

1357 3347 1516 3382 subsecuta
1532 3347 1730 3383 observantia
1742 3372 1752 3382 .
1782 3360 1796 3384 1
1805 3361 1855 3392 19.
1870 3361 1922 3395 15.

1310 3393 1356 3435 11.
1380 3395 1447 3434 Lex
1459 3395 1588 3441 poenalis
1608 3407 1668 3437 an,
1689 3399 1723 3435 δι
1743 3397 1871 3443 quando
1891 3397 2013 3432 dicatur
2034 3398 2194 3434 continere
2225 3405 2294 3478 ΡΞ
2340 3434 2348 3453 ·.

2220 3454 2240 3477 n

2344 2415 2383 2454 ess

2347 2610 2367 2628 a.
2391 2617 2392 2625 ,
