2392 3736
577 146 679 208 De
696 146 1223 231 Jurepatronatus
1242 145 1378 207 Par.
1408 147 1516 210 Vl.

90 241 263 298 Syndici
293 252 363 282 eas
393 234 580 280 vendunt
594 232 742 276 favore
756 235 1023 290 Propinquo-

89 317 208 349 rum,
238 300 306 341 vel
333 299 430 356 quia
461 297 697 337 contractus
714 292 874 335 faciunt
900 306 1022 335 cum„-

82 360 279 402 Personis
294 355 556 401 Potentibus,
571 354 723 411 quibus
744 351 922 394 refistere
936 365 1021 394 non

87 418 276 476 poffunt3
293 417 526 472 auditoque
542 416 818 455 procuratore
836 412 1022 453 Genera-

80 481 117 522 Η
132 507 145 527 ,
179 478 368 534 praedieca
386 475 525 516 omnia
540 471 813 515 confirmante
828 499 842 520 ,
875 472 1022 529 quaeri-

28 559 29 579 ]
86 552 154 581 tur
184 540 224 579 in
242 533 430 593 praesenti
457 533 670 591 quodnam
700 531 929 573 remedium
948 545 1022 587 pa-

28 619 29 624 *
82 598 256 641 randum
279 595 324 637 fit
352 594 554 636 adversus
588 594 670 634 hoc
693 592 873 641 malum,
901 591 1020 649 quod

27 648 29 659 1
79 670 170 700 non
185 657 241 698 est
258 654 495 698 habendum
510 665 707 711 tanquam
722 651 875 694 malum
900 652 1020 709 parvi

79 729 283 760 momenti
299 744 311 756 .

77 800 83 805 ·
137 777 321 832 Proponi
337 773 484 832 poffet,
499 773 615 831 quod
630 771 799 829 Syndici
813 774 854 815 in
877 771 1015 829 poste-

27 888 29 891 *
79 851 169 879 rum
199 850 282 879 non
297 833 577 892 procederent
603 834 654 874 ad
673 835 880 875 bonorum
909 833 1014 873 alie-

76 899 295 938 nationem
310 924 324 944 ,
354 894 423 936 nifi
440 895 574 950 petito
591 921 605 941 ,
638 897 677 935 &
696 893 876 934 obtento
893 894 1013 946 Apo-

74 956 228 998 'stolico
243 955 514 1011 Beneplacito
529 981 543 1001 ,
573 964 617 994 ut
638 951 684 993 fit
700 953 740 992 in
758 952 1012 993 alienatione

11 1023 29 1055 εξ
76 1029 316 1058 caeterarum
341 1028 476 1056 rerum
501 1014 555 1055 ad
578 1013 680 1055 alias
709 1011 939 1060 Ecclefias,
971 1014 1012 1053 &

75 1077 173 1119 ioca
188 1075 254 1130 pia
269 1074 568 1131 pertinentium
584 1101 596 1113 .

12 1153 30 1186 :¹
135 1135 195 1176 At
223 1134 444 1192 loquendo
477 1133 531 1174 de
555 1133 639 1175 hoc
657 1142 1006 1187 temperamento,

8 1182 30 1244 ξ’
75 1207 160 1241 non
172 1194 278 1235 levis
294 1205 415 1251 urget
428 1190 665 1239 difficultas,
681 1196 719 1234 &
738 1189 1007 1246 praescinden-

12 1273 29 1307 ι,
76 1256 135 1296 ε’ἶο
151 1253 175 1295 a
197 1253 431 1295 necestitate
451 1251 690 1297 vendendi,
711 1255 751 1293 δε
778 1249 1007 1297 alienandi,

6 1318 31 1410 3
74 1326 120 1355 ut
131 1315 315 1354 Fratrum
339 1311 583 1368 indigentiis
600 1307 886 1356 succurratur,
913 1322 1006 1350 cum

9 1383 22 1415 i
70 1384 157 1432 iqua
174 1370 407 1415 necestitate
435 1382 520 1411 uon
538 1370 704 1411 videtur
721 1369 1008 1424 compatibilis

11 1422 31 1483 'il
68 1433 285 1490 obligatio
300 1428 542 1472 recurrendi
560 1430 613 1471 ad
630 1429 780 1472 Sedem
799 1428 1015 1483 Apostoli-

19 1488 41 1556 -ῂ
67 1502 163 1536 tam
176 1504 254 1548 pto
271 1489 510 1531 obtinendo
524 1489 799 1543 Beneplacito
813 1516 826 1536 ,
837 1487 1013 1544 Syndici

27 1559 31 1579 ι
134 1549 166 1559 -.
302 1550 311 1558 .
347 1550 355 1557 .
921 1549 928 1555 .

8 1566 32 1650 il
66 1545 1013 1655 &¹:1ssaotre‘rixiniiiefflssssissosffiiianiogoffiffigf

8 1643 32 1719 ii
67 1669 174 1713 bilia
186 1669 397 1711 Fratribus
422 1665 495 1710 sub
515 1667 645 1709 modo
678 1667 800 1709 licito
828 1667 1010 1715 relicta-1,

26 1723 32 1751 ²
73 1729 136 1772 uti
165 1730 340 1771 habetur
367 1728 409 1768 in
425 1726 580 1778 Constit.
601 1740 637 1768 1.
654 1726 767 1768 Pauli
781 1728 847 1771 IV.
881 1731 919 1774 §-
943 1739 1010 1767 11.

17 1781 32 1859 ἰ
73 1790 176 1832 Bull.
196 1800 289 1830 tom.
313 1800 347 1827 1.
362 1787 404 1828 in
419 1787 576 1840 Corfiit.
589 1798 672 1841 cap.
689 1799 729 1836 4.
761 1787 801 1826 Si
811 1786 1010 1836 dichiara,

30 1870 31 1902 3
74 1849 140 1890 che
151 1847 580 1904 noipoffiamoservirci
598 1846 660 1888 del
671 1847 832 1903 Syndicov
845 1847 886 1887 in
898 1847 1010 1891 due,

27 1906 32 1947 ἶ
59 1908 141 1963 soli
159 1907 243 1950 atti
254 1937 269 1957 ,
294 1908 326 1947 il
330 1908 460 1961 primo
476 1907 535 1950 de’
544 1905 656 1963 quali
671 1907 692 1947 ἓ
707 1934 722 1954 ,
754 1906 820 1947 che
830 1906 936 1964 poffa
953 1906 1014 1946 ri-

27 1961 33 2014 i
72 1982 215 2010 cevere
227 1969 268 2009 in
282 1981 389 2008 nome
403 1967 505 2009 della
523 1968 618 2009 Sede
633 1966 838 2020 Apostolica
852 1975 958 2007 tutte
974 1966 1010 2007 le

29 2051 33 2084 ς
69 2029 154 2081 'cose
166 2028 322 2074 mobili,
334 2027 384 2067 ed
389 2027 573 2068 immobili
590 2055 603 2074 ,
622 2025 754 2083 offerte
770 2055 783 2074 ,
798 2027 942 2066 donate
955 2054 969 2074 ,
989 2041 1009 2066 o

30 2085 32 2091 ’
71 2087 234 2140 Iasct'aee
249 2088 289 2128 εἷ’
308 2088 422 2129 Frati
434 2087 475 2127 in
488 2086 715 2138 testamento
729 2115 741 2126 .
758 2086 793 2126 ll
794 2086 956 2139 secondo
970 2084 1007 2133 ἃ,

27 2131 34 2195 i
71 2149 138 2188 che
150 2147 253 2206 posp'a
280 2163 306 2187 a
332 2162 440 2188 nome
464 2146 505 2188 di
519 2147 632 2188 detta
649 2147 743 2187 Sede
761 2145 1008 2200 Apostoliccz„

30 2236 33 2244 .
68 2207 277 2255 vendere,
306 2206 507 2255 alienare,
537 2221 557 2246 o
591 2217 825 2246 commutare
854 2205 889 2246 le
914 2205 1010 2257 cose,

29 2273 34 2323 l
72 2267 172 2308 delle
188 2260 298 2321 qieali
311 2279 384 2306 non
393 2266 542 2324 poffimo
558 2265 572 2305 i
597 2265 708 2306 Frati
722 2265 1008 2308 lecitamente,

29 2348 35 2390 3
61 2326 241 2381 servirfi
254 2354 268 2375 ,
297 2339 317 2365 e
332 2326 556 2367 convenire
584 2325 616 2366 il
622 2336 776 2379 prezzo
794 2324 895 2380 peri
909 2324 1008 2377 biso-

30 2399 34 2430 l
66 2386 140 2442 gni
153 2385 327 2427 de’detn'
343 2385 451 2427 Frati
462 2414 473 2426 .

29 2431 35 2484 i
128 2442 300 2502 Absque
315 2459 368 2487 eo
394 2445 512 2503 quod
542 2446 583 2486 in
598 2446 662 2487 his
678 2443 1001 2487 alienationibus

69 2503 355 2560 Apostolicum
393 2506 620 2562 requiritur
650 2504 1003 2560 Beneplacitunv,

30 2566 36 2610 l
73 2564 171 2619 quia
187 2564 385 2608 alienatio
403 2563 448 2605 fit
465 2579 514 2607 ex
534 2565 769 2607 neceffitate
787 2564 888 2616 juris
906 2592 919 2612 ,
957 2575 1001 2606 ut

30 2638 36 2678 g
72 2624 115 2664 in
148 2628 298 2679 punao
329 2623 462 2666 firmat
509 2626 679 2681 Fagnan.
707 2625 749 2665 in
777 2636 858 2678 cap.
891 2623 1003 2666 Nulli

33 2736 35 2742 A
71 2696 187 2723 numa
198 2694 238 2731 7.
254 2683 302 2725 ό·
321 2685 390 2725 28.
401 2685 447 2725 de
462 2685 540 2726 reb.
558 2685 698 2738 Eccles.
715 2697 789 2724 non
803 2682 917 2723 alien.
931 2683 1002 2726 vel

32 2782 36 2791 ,
70 2745 170 2800 quia
185 2743 295 2784 bona
318 2743 402 2785 dici
430 2757 643 2801 nequeunt
659 2742 920 2786 Monasteriis
938 2743 1003 2785 in-

33 2814 37 2832 ·
70 2813 295 2858 corporata
319 2805 822 2860 propterincapacitatem
849 2816 1002 2846 eorun-

32 2839 38 2921 ἑ
68 2860 165 2904 dem
179 2889 193 2910 ,
221 2862 569 2920 quemadmodum
587 2863 718 2907 relata
735 2862 855 2913 hujus
870 2863 999 2905 Sacrae

34 2968 37 2980 ⁴
68 2922 432 2978 Congregationis
474 2921 730 2966 resolutione
762 2922 999 2979 ponderant

27 2986 39 3034 [l
67 2982 249 3034 lontufi.
275 2981 316 3021 in
327 2981 490 3023 Theatr.
508 2984 640 3039 Regul.
665 2983 706 3024 in
720 2982 842 3024 verbo
862 2983 996 3024 bona-2

30 3044 40 3078 ἲ
67 3040 298 3095 temporalia
306 3055 412 3082 num.
420 3054 460 3091 7.
475 3043 636 3084 Cor-rad.
650 3043 690 3083 in
695 3042 823 3097 praxi
836 3042 996 3095 dispens}

34 3089 40 3163 f
66 3098 134 3143 tib.
147 3114 186 3150 9.
200 3112 282 3154 cap.
306 3114 340 3141 1.
354 3115 457 3142 num.
476 3114 490 3140 1
502 3115 540 3154 3.
572 3107 714 3145 Donat.
728 3103 770 3143 in
777 3105 997 3158 praxs‘Re.

16 3157 41 3210 ξι
63 3161 147 3216 gul.
163 3171 254 3202 eom.
277 3172 311 3200 1.
324 3162 449 3203 traH.
466 3174 530 3214 14.
547 3162 672 3216 quast.
688 3167 763 3213 67.

18 3215 41 3324 ἢ
125 3217 299 3262 excluso
316 3221 396 3262 hoc
414 3232 743 3277 temperamento
757 3251 770 3271 ,
787 3222 995 3280 reliquum

67 3276 123 3319 est
138 3308 150 3326 ‚
164 3291 209 3320 ut
226 3280 415 3322 videatur
430 3308 444 3328 ,
460 3295 510 3323 an
526 3283 845 3337 praecipiendum
866 3283 910 3326 fit
922 3313 935 3333 ,
950 3295 995 3326 ut

35 3334 41 3371 ἲ
67 3337 237 3394 Syndici
262 3339 313 3381 ad
331 3341 608 3384 alienationes
640 3355 724 3383 non
755 3344 1001 3399 procedant,

35 3379 43 3480 ἃ
69 3396 141 3439 nifi
166 3399 319 3456 praevia
342 3399 582 3447 Edictorum
615 3400 838 3451 affixione5
869 3403 996 3464 quid-

1143 234 1249 291 quid
1271 234 1382 275 enim
1399 232 1445 275 fit
1458 261 1472 281 ‚
1498 245 1550 275 an
1565 233 1651 276 haec
1669 233 1912 279 solemnitas
1925 171 2088 282 affatui

1142 294 1350 335 recesserit
1364 320 1378 340 ,
1411 292 1585 349 quando
1602 295 1737 350 agitur
1759 295 1814 337 de
1829 299 2085 342 alienatione

1143 367 1278 396 rerum
1298 352 1350 393 ad
1366 353 1556 407 Pupillos
1577 378 1590 398 ‚
1607 356 1646 393 &
1661 352 1852 397 Minores
1868 360 2086 412 pertinen-

1143 415 1246 455 tium
1260 440 1276 461 ,
1301 412 1384 453 hoc
1402 425 1526 453 unum
1546 422 1706 451 certum
1725 413 1782 451 est
1800 439 1814 459 ,
1841 419 1957 471 qubd
1988 432 2087 460 cau-

1142 473 1230 516 tela
1264 473 1458 528 praedifita
1494 469 1770 513 demandatur
1799 471 1852 512 ab
1867 473 1945 517 hac
1960 478 2085 519 Sacra

1140 532 1500 590 Congregatione
1514 558 1530 580 ,
1557 528 1729 586 quando
1759 536 2015 577 conceditur
2030 537 2084 577 li-

1143 595 1284 634 centia
1315 591 1515 639 locandi,
1540 588 1613 631 vel
1639 589 1904 632 concedendi
1932 594 1976 633 in
1993 607 2083 636 em-

1139 651 1388 710 phitheufim
1404 651 1519 694 bona
1533 648 1812 691 EcclefiastIca
1826 677 1838 690 .

1196 713 1273 753 His
1291 712 1491 754 stantibus
1503 738 1518 760 ,
1546 722 1654 753 onus
1673 710 1751 751 erit
1781 710 1863 753 EE.
1878 712 1974 754 VV.
2006 711 2083 755 de-

1138 785 1312 814 cernere
1329 802 1341 814 .

1192 837 1254 873 An
1269 861 1282 881 ,
1302 832 1351 875 &⁶
1364 833 1481 888 quale
1496 840 1845 885 temperamentum
1844 834 1903 888 fit
1918 832 2070 887 capien·

1134 890 1226 931 dum
1240 920 1252 938 ,
1274 893 1314 933 in
1325 895 1414 945 casu
1433 892 1518 936 &a

1075 959 1098 999 3
1190 953 1346 1007 Qoad
1373 951 1549 994 mobilia
1579 948 1761 1005 pretiosa
1788 950 1980 994 Ecclefiae
2011 955 2079 995 in*

1132 1023 1359 1065 corporata
1379 1009 1457 1053 effe
1475 1009 1739 1054 necessariurn
1755 1012 2075 1067 Beneplacitum

1129 1069 1451 1124 Apostolicum,
1480 1084 1568 1128 quo
1595 1071 1699 1113 vero
1725 1071 1777 1112 ad
1795 1084 1944 1114 omnes
1971 1072 2076 1114 alias

1126 1142 1193 1169 res
1211 1142 1296 1170 non
1311 1128 1421 1184 posse
1434 1129 1642 1186 Syndicus
1657 1130 1890 1184 procedere
1906 1131 1958 1172 ad
1975 1144 2077 1173 ven·

1128 1189 1333 1231 ditionem
1367 1188 1436 1230 nisi
1465 1189 1618 1244 praevia
1631 1190 1870 1233 Edictorum
1885 1189 2070 1234 Affixio-

1129 1262 1198 1298 ne,
1214 1259 1258 1290 ut
1275 1248 1469 1291 venditio
1485 1246 1557 1290 fiat
1574 1248 1723 1300 majori
1740 1248 1929 1292 oblatori
1940 1277 1956 1290 .

1439 1366 1721 1411 Tarantafien.

1385 1477 1617 1543 amAprilis
1639 1500 1766 1540 1719.

1264 1611 1291 1653 S
1321 1607 1364 1648 U
1391 1607 1437 1648 M
1470 1607 1517 1647 M
1547 1608 1586 1649 A
1619 1607 1654 1648 R
1682 1608 1701 1648 Ι
1732 1606 1773 1647 U
1804 1605 1880 1648 M.

1077 1740 1096 1770 κ
1159 1727 1330 1771 Parocho
1351 1727 1400 1768 de
1415 1726 1681 1770 Oblationibus
1695 1726 1724 1767 ἃ
1737 1725 1932 1767 Fidelibus
1956 1737 2076 1768 exte·

1189 1787 1246 1828 ris
1257 1816 1271 1835 ,
1285 1787 1334 1830 ὠ·
1355 1801 1430 1828 non
1443 1786 1692 1828 Parochianis
1710 1814 1723 1834 ,
1739 1785 1864 1826 alicui
1874 1786 2074 1834 oratorio,

1191 1847 1264 1889 vel
1275 1847 1458 1900 cappellae
1475 1846 1604 1887 rurali
1634 1839 1785 1886 relic‘lir
1815 1859 1890 1887 non
1909 1846 2074 1887 debetur

1192 1906 1327 1962 aliqua
1339 1907 1472 1960 portio
1487 1935 1500 1946 .
1718 1959 1723 1962 Ι

1076 1981 1098 2009 2
1163 1966 1436 2020 Universitati
1454 1994 1468 2014 ,
1506 1977 1578 2008 aut
1603 1965 1858 2007 Procuratori
1881 1965 2073 2019 piorum-3

1193 2039 1349 2081 operum
1368 2028 1418 2068 ab
1431 2027 1564 2067 eadem
1578 2026 1780 2077 constituto
1798 2027 1886 2066 licet
1898 2026 1945 2065 de
1956 2026 2073 2069 Obla-

1190 2087 1357 2130 tionibus
1372 2087 1399 2127 d
1414 2086 1606 2127 Fidelibus
1622 2086 1778 2127 exteris
1791 2114 1804 2134 ,
1833 2084 1884 2127 ὰ
1901 2099 1974 2126 non
1989 2090 2070 2127 Pa-

1193 2146 1389 2189 rochianis
1414 2146 1531 2186 alicui
1549 2146 1728 2188 Orator-io
1746 2174 1759 2193 ,
1788 2146 1859 2185 vel
1883 2145 2072 2199 Cappellae

1190 2207 1319 2248 rurali
1347 2205 1498 2247 reliais
1511 2233 1525 2253 ,
1555 2206 1702 2246 dmum
1722 2205 1951 2246 oratorium
1964 2232 1977 2251 ,
2001 2215 2074 2247 aut

1188 2266 1413 2321 cappellam
1428 2265 1619 2318 ampliare
1635 2293 1649 2313 ‚
1674 2264 1858 2318 illamque
1889 2263 2070 2316 infin-ma

1177 2328 1338 2382 publicae
1351 2326 1518 2382 Ecclesia
1530 2324 1721 2381 redigere,
1734 2324 1977 2383 dtffemiente
1988 2329 2070 2365 Pa-

1187 2387 1296 2428 rocho
1316 2416 1330 2429 .

1067 2459 1090 2500 3
1152 2451 1228 2491 Pro
1243 2445 1497 2487 celebratione
1511 2443 1623 2502 m'ff‘
1641 2443 1876 2498 quotidiana
1904 2444 1947 2483 in
1964 2442 2069 2484 dina

1182 2506 1366 2550 oratorio
1382 2533 1394 2553 ,
1412 2516 1482 2546 aut
1494 2502 1677 2557 Cappella
1692 2502 1735 2542 in
1754 2503 1965 2556 Ecclesiam
1984 2502 2068 2542 eri-

1177 2567 1306 2622 genda
1322 2593 1335 2613 ,
1349 2579 1423 2605 non
1438 2564 1527 2605 licet
1541 2564 1665 2605 eidem
1685 2561 1958 2616 Univerfitati
1972 2561 2071 2615 ,sed

1180 2625 1247 2678 iste
1258 2625 1501 2681 deputandus
1513 2623 1566 2676 est
1574 2623 1622 2665 ab
1634 2621 1843 2666 Ordinario
1863 2649 1878 2663 .

1333 2756 1576 2802 Seffi22.cap.9.
1591 2755 1632 2790 de
1647 2753 1795 2789 Reform.

1257 2862 1461 2909 Ccafione
1512 2861 1721 2914 cujusdam
1783 2858 2066 2902 saluberrimae

1120 2868 1237 2980 O
1270 2938 1388 2982 aquae
1404 2953 1418 2973 ,
1447 2937 1538 2981 quae
1563 2925 1585 2964 a
1602 2921 1786 2980 quodam
1803 2920 1951 2962 Monte
1978 2917 2068 2962 sca-

1116 2988 1247 3026 turire
1272 2985 1404 3040 coepit
1435 2985 1478 3025 in
1504 2981 1657 3024 finibus
1688 2982 1882 3022 Ducatus
1909 2979 2066 3020 Saban-

1116 3045 1194 3085 diae
1211 3072 1225 3092 ,
1258 3049 1298 3088 δε
1327 3044 1533 3100 fignanter
1557 3043 1601 3084 in
1618 3042 1836 3085 Comitatu
1855 3042 2064 3081 Taranta-

1114 3103 1176 3146 fiae
1209 3104 1262 3146 ad
1293 3105 1411 3156 cujus
1440 3116 1558 3160 aquae
1586 3113 1731 3157 potum
1761 3098 2064 3141 finitimarum„

1114 3165 1305 3219 gentium
1319 3163 1540 3209 factusest,
1559 3165 1600 3204 &
1619 3161 1666 3202 fit
1686 3157 1913 3202 concursus
1927 3186 1941 3205 ,
1958 3171 2067 3199 con-

1113 3225 1304 3265 structum
1322 3222 1402 3265 fuit
1420 3222 1636 3280 quoddam
1650 3222 1891 3262 Oratorium
1908 3220 1954 3259 Β.
1970 3218 2066 3260 Ma-

1112 3284 1180 3324 riae
1210 3284 1376 3340 Virgini
1407 3283 1590 3324 dicatum
1614 3297 1625 3327 ς
1652 3293 1833 3336 cumque
1861 3277 2064 3319 subinde.»

1119 3345 1250 3384 astum
1270 3341 1396 3386 fuerit
1421 3343 1475 3384 de
1492 3342 1642 3384 eodem
1677 3341 1718 3382 in
1736 3338 1959 3381 Eccleiiam
1980 3350 2064 3377 am-

1114 3403 1314 3461 pliando,
1340 3416 1418 3446 nec
1434 3417 1518 3447 non
1538 3403 1592 3445 de
1608 3399 1813 3458 erigendo
1834 3395 2059 3496 Hospitalis

1936 3468 2023 3514 quo
