<?xml version="1.0" encoding="UTF-8"?>
<!DOCTYPE html PUBLIC "-//W3C//DTD XHTML 1.0 Transitional//EN"
    "http://www.w3.org/TR/xhtml1/DTD/xhtml1-transitional.dtd">
<html xmlns="http://www.w3.org/1999/xhtml" xml:lang="en" lang="en">
 <head>
  <title>
</title>
<meta http-equiv="Content-Type" content="text/html;charset=utf-8" />
  <meta name='ocr-system' content='tesseract 3.04.00' />
  <meta name='ocr-capabilities' content='ocr_page ocr_carea ocr_par ocr_line ocrx_word'/>
</head>
<body>
  <div class='ocr_page' id='page_1' title='image "./commentariainsin03farguoft/commentariainsin03farguoft_0173.png"; bbox 0 0 2430 3776; ppageno 0'>
   <div class='ocr_carea' id='block_1_1' title="bbox 343 168 1734 259">
    <p class='ocr_par' dir='ltr' id='par_1_1' title="bbox 343 168 1734 259">
     <span class='ocr_line' id='line_1_1' title="bbox 343 168 1734 259; baseline -0.002 -24"><span class='ocrx_word' id='word_1_1' title='bbox 343 175 444 235; x_wconf 91' lang='lat' dir='ltr'>De</span> <span class='ocrx_word' id='word_1_2' title='bbox 455 171 977 259; x_wconf 75' lang='lat' dir='ltr'>jurepatronatus</span> <span class='ocrx_word' id='word_1_3' title='bbox 997 169 1214 234; x_wconf 67' lang='lat' dir='ltr'>Panv.</span> <span class='ocrx_word' id='word_1_4' title='bbox 1236 170 1396 232; x_wconf 89' lang='lat' dir='ltr'>Can.</span> <span class='ocrx_word' id='word_1_5' title='bbox 1414 170 1515 232; x_wconf 88' lang='lat' dir='ltr'>IX.</span> <span class='ocrx_word' id='word_1_6' title='bbox 1537 168 1674 234; x_wconf 66' lang='lat' dir='ltr'>Cas</span> <span class='ocrx_word' id='word_1_7' title='bbox 1689 172 1734 233; x_wconf 91' lang='grc' dir='ltr'>Ι.</span> 
     </span>
    </p>
   </div>
   <div class='ocr_carea' id='block_1_2' title="bbox 0 273 1012 3503">
    <p class='ocr_par' dir='ltr' id='par_1_2' title="bbox 0 273 1012 3503">
     <span class='ocr_line' id='line_1_2' title="bbox 84 273 1011 324; baseline -0.002 -5"><span class='ocrx_word' id='word_1_8' title='bbox 84 291 188 320; x_wconf 85' lang='lat' dir='ltr'>nues</span> <span class='ocrx_word' id='word_1_9' title='bbox 220 284 486 319; x_wconf 86' lang='lat' dir='ltr'>numerantur</span> <span class='ocrx_word' id='word_1_10' title='bbox 523 276 785 324; x_wconf 86' lang='lat' dir='ltr'>Praebendae,</span> <span class='ocrx_word' id='word_1_11' title='bbox 810 287 856 316; x_wconf 90' lang='lat' dir='ltr'>ut</span> <span class='ocrx_word' id='word_1_12' title='bbox 894 273 1011 317; x_wconf 89' lang='lat' dir='ltr'>susti-</span> 
     </span>
     <span class='ocr_line' id='line_1_3' title="bbox 16 330 1009 392; baseline -0.003 -11"><span class='ocrx_word' id='word_1_13' title='bbox 16 330 35 390; x_wconf 41' lang='grc'>”,</span> <span class='ocrx_word' id='word_1_14' title='bbox 81 338 219 381; x_wconf 80' lang='lat' dir='ltr'>nendo</span> <span class='ocrx_word' id='word_1_15' title='bbox 237 339 406 384; x_wconf 82' lang='lat' dir='ltr'>decenti</span> <span class='ocrx_word' id='word_1_16' title='bbox 422 338 734 381; x_wconf 85' lang='lat' dir='ltr'>Canonicorum</span> <span class='ocrx_word' id='word_1_17' title='bbox 761 335 908 392; x_wconf 88' lang='lat' dir='ltr'>gradui</span> <span class='ocrx_word' id='word_1_18' title='bbox 923 349 1009 390; x_wconf 78' lang='lat' dir='ltr'>-pro</span> 
     </span>
     <span class='ocr_line' id='line_1_4' title="bbox 79 393 1012 453; baseline -0.001 -14"><span class='ocrx_word' id='word_1_19' title='bbox 79 399 192 444; x_wconf 86' lang='lat' dir='ltr'>loci,</span> <span class='ocrx_word' id='word_1_20' title='bbox 222 401 261 439; x_wconf 88' lang='lat'>&amp;</span> <span class='ocrx_word' id='word_1_21' title='bbox 286 395 550 452; x_wconf 86' lang='lat' dir='ltr'>personarum</span> <span class='ocrx_word' id='word_1_22' title='bbox 569 398 772 453; x_wconf 86' lang='lat' dir='ltr'>qualitate</span> <span class='ocrx_word' id='word_1_23' title='bbox 802 408 888 438; x_wconf 89' lang='lat' dir='ltr'>non</span> <span class='ocrx_word' id='word_1_24' title='bbox 905 393 1012 438; x_wconf 88' lang='lat' dir='ltr'>suffi-</span> 
     </span>
     <span class='ocr_line' id='line_1_5' title="bbox 22 455 1011 507; baseline -0.002 -8"><span class='ocrx_word' id='word_1_25' title='bbox 22 462 72 500; x_wconf 82' lang='lat'>62</span> <span class='ocrx_word' id='word_1_26' title='bbox 94 460 221 504; x_wconf 84' lang='lat' dir='ltr'>ciant,</span> <span class='ocrx_word' id='word_1_27' title='bbox 238 458 295 497; x_wconf 83' lang='lat' dir='ltr'>ita</span> <span class='ocrx_word' id='word_1_28' title='bbox 313 469 356 498; x_wconf 87' lang='lat' dir='ltr'>ut</span> <span class='ocrx_word' id='word_1_29' title='bbox 371 456 422 497; x_wconf 82' lang='lat' dir='ltr'>ad</span> <span class='ocrx_word' id='word_1_30' title='bbox 439 457 625 497; x_wconf 86' lang='lat' dir='ltr'>tramites</span> <span class='ocrx_word' id='word_1_31' title='bbox 649 469 733 498; x_wconf 88' lang='lat' dir='ltr'>tam</span> <span class='ocrx_word' id='word_1_32' title='bbox 749 455 850 507; x_wconf 83' lang='lat' dir='ltr'>juris</span> <span class='ocrx_word' id='word_1_33' title='bbox 868 458 1011 498; x_wconf 82' lang='lat' dir='ltr'>Cano-</span> 
     </span>
     <span class='ocr_line' id='line_1_6' title="bbox 77 512 1007 572; baseline -0.004 -14"><span class='ocrx_word' id='word_1_34' title='bbox 77 517 183 563; x_wconf 83' lang='lat' dir='ltr'>nici,</span> <span class='ocrx_word' id='word_1_35' title='bbox 207 529 334 572; x_wconf 86' lang='lat' dir='ltr'>quam</span> <span class='ocrx_word' id='word_1_36' title='bbox 362 517 618 559; x_wconf 90' lang='lat' dir='ltr'>Conciliaris</span> <span class='ocrx_word' id='word_1_37' title='bbox 639 515 870 556; x_wconf 74' lang='lat' dir='ltr'>Sane&#39;tionis</span> <span class='ocrx_word' id='word_1_38' title='bbox 900 512 1007 555; x_wconf 89' lang='lat' dir='ltr'>sem-</span> 
     </span>
     <span class='ocr_line' id='line_1_7' title="bbox 76 573 1008 632; baseline -0.002 -16"><span class='ocrx_word' id='word_1_39' title='bbox 76 588 151 632; x_wconf 81' lang='lat' dir='ltr'>per</span> <span class='ocrx_word' id='word_1_40' title='bbox 178 575 412 630; x_wconf 82' lang='lat' dir='ltr'>praecedere</span> <span class='ocrx_word' id='word_1_41' title='bbox 444 573 818 631; x_wconf 78' lang='lat' dir='ltr'>indispensabiliter</span> <span class='ocrx_word' id='word_1_42' title='bbox 852 574 1008 615; x_wconf 90' lang='lat' dir='ltr'>debeat</span> 
     </span>
     <span class='ocr_line' id='line_1_8' title="bbox 29 633 1006 689; baseline -0.003 -13"><span class='ocrx_word' id='word_1_43' title='bbox 29 643 35 689; x_wconf 61' lang='lat' dir='ltr'>g</span> <span class='ocrx_word' id='word_1_44' title='bbox 77 634 288 676; x_wconf 77' lang='lat' dir='ltr'>neceffitas</span> <span class='ocrx_word' id='word_1_45' title='bbox 305 662 319 684; x_wconf 87' lang='lat'>,</span> <span class='ocrx_word' id='word_1_46' title='bbox 339 635 410 676; x_wconf 92' lang='lat' dir='ltr'>vel</span> <span class='ocrx_word' id='word_1_47' title='bbox 428 637 587 677; x_wconf 89' lang='lat' dir='ltr'>utilitas</span> <span class='ocrx_word' id='word_1_48' title='bbox 606 635 771 677; x_wconf 90' lang='lat' dir='ltr'>unionis</span> <span class='ocrx_word' id='word_1_49' title='bbox 788 661 800 681; x_wconf 91' lang='lat'>‚</span> <span class='ocrx_word' id='word_1_50' title='bbox 818 639 945 676; x_wconf 72' lang='lat' dir='ltr'>Garz.</span> <span class='ocrx_word' id='word_1_51' title='bbox 959 633 1006 673; x_wconf 83' lang='lat' dir='ltr'>de</span> 
     </span>
     <span class='ocr_line' id='line_1_9' title="bbox 26 693 1006 749; baseline -0.006 -10"><span class='ocrx_word' id='word_1_52' title='bbox 26 712 42 745; x_wconf 51' lang='grc' dir='ltr'>ἡ,</span> <span class='ocrx_word' id='word_1_53' title='bbox 75 693 296 748; x_wconf 76' lang='lat' dir='ltr'>benefipar.</span> <span class='ocrx_word' id='word_1_54' title='bbox 318 707 385 734; x_wconf 87' lang='lat'>12.</span> <span class='ocrx_word' id='word_1_55' title='bbox 409 707 491 749; x_wconf 88' lang='lat' dir='ltr'>cap.</span> <span class='ocrx_word' id='word_1_56' title='bbox 511 709 550 734; x_wconf 89' lang='lat'>2.</span> <span class='ocrx_word' id='word_1_57' title='bbox 579 695 680 735; x_wconf 77' lang='lat' dir='ltr'>nism.</span> <span class='ocrx_word' id='word_1_58' title='bbox 714 707 730 733; x_wconf 94' lang='lat'>1</span> <span class='ocrx_word' id='word_1_59' title='bbox 747 706 809 745; x_wconf 88' lang='lat'>¹3·</span> <span class='ocrx_word' id='word_1_60' title='bbox 842 693 1006 734; x_wconf 87' lang='lat' dir='ltr'>Vivian.</span> 
     </span>
     <span class='ocr_line' id='line_1_10' title="bbox 76 753 1006 807; baseline -0.002 -11.098"><span class='ocrx_word' id='word_1_61' title='bbox 76 756 124 796; x_wconf 79' lang='lat' dir='ltr'>de</span> <span class='ocrx_word' id='word_1_62' title='bbox 135 755 310 807; x_wconf 79' lang='lat' dir='ltr'>jurepat.</span> <span class='ocrx_word' id='word_1_63' title='bbox 327 753 392 795; x_wconf 87' lang='lat' dir='ltr'>lib.</span> <span class='ocrx_word' id='word_1_64' title='bbox 414 768 480 807; x_wconf 88' lang='lat'>14.</span> <span class='ocrx_word' id='word_1_65' title='bbox 500 766 583 806; x_wconf 88' lang='lat' dir='ltr'>cap.</span> <span class='ocrx_word' id='word_1_66' title='bbox 603 765 640 803; x_wconf 89' lang='lat'>5.</span> <span class='ocrx_word' id='word_1_67' title='bbox 657 768 761 794; x_wconf 83' lang='lat' dir='ltr'>num.</span> <span class='ocrx_word' id='word_1_68' title='bbox 777 765 845 803; x_wconf 90' lang='lat'>44.</span> <span class='ocrx_word' id='word_1_69' title='bbox 865 757 1006 795; x_wconf 80' lang='lat' dir='ltr'>Rota...</span> 
     </span>
     <span class='ocr_line' id='line_1_11' title="bbox 19 811 1005 866; baseline 0 -13"><span class='ocrx_word' id='word_1_70' title='bbox 19 811 45 864; x_wconf 52' lang='grc' dir='ltr'>,ἐξ</span> <span class='ocrx_word' id='word_1_71' title='bbox 75 813 187 865; x_wconf 61' lang='grc' dir='ltr'>Δειξβ</span> <span class='ocrx_word' id='word_1_72' title='bbox 207 827 304 865; x_wconf 89' lang='lat'><strong>294.</strong></span> <span class='ocrx_word' id='word_1_73' title='bbox 332 829 435 856; x_wconf 85' lang='lat' dir='ltr'>num.</span> <span class='ocrx_word' id='word_1_74' title='bbox 458 829 496 855; x_wconf 86' lang='lat'>2.</span> <span class='ocrx_word' id='word_1_75' title='bbox 514 815 562 857; x_wconf 69' lang='lat'>(9¹</span> <span class='ocrx_word' id='word_1_76' title='bbox 580 814 691 866; x_wconf 69' lang='lat' dir='ltr'>decis]</span> <span class='ocrx_word' id='word_1_77' title='bbox 711 828 729 853; x_wconf 81' lang='lat'>2</span> <span class='ocrx_word' id='word_1_78' title='bbox 745 813 808 853; x_wconf 88' lang='lat'>18.</span> <span class='ocrx_word' id='word_1_79' title='bbox 833 829 936 854; x_wconf 87' lang='lat' dir='ltr'>num.</span> <span class='ocrx_word' id='word_1_80' title='bbox 970 826 1005 853; x_wconf 94' lang='lat'>1.</span> 
     </span>
     <span class='ocr_line' id='line_1_12' title="bbox 19 872 1004 929; baseline -0.001 -15"><span class='ocrx_word' id='word_1_81' title='bbox 19 872 43 929; x_wconf 39' lang='grc' dir='ltr'>,ᾖ</span> <span class='ocrx_word' id='word_1_82' title='bbox 71 884 181 927; x_wconf 85' lang='lat' dir='ltr'>part.</span> <span class='ocrx_word' id='word_1_83' title='bbox 218 888 256 924; x_wconf 86' lang='lat'>5.</span> <span class='ocrx_word' id='word_1_84' title='bbox 294 875 497 915; x_wconf 83' lang='lat' dir='ltr'><em>recentior.</em></span> <span class='ocrx_word' id='word_1_85' title='bbox 538 875 815 929; x_wconf 66' lang='lat' dir='ltr'>praedictaque</span> <span class='ocrx_word' id='word_1_86' title='bbox 847 874 1004 914; x_wconf 83' lang='lat' dir='ltr'>utilitas</span> 
     </span>
     <span class='ocr_line' id='line_1_13' title="bbox 16 926 1006 990; baseline -0.003 -15"><span class='ocrx_word' id='word_1_87' title='bbox 16 926 42 990; x_wconf 63' lang='grc' dir='ltr'>ἔξ</span> <span class='ocrx_word' id='word_1_88' title='bbox 76 945 221 990; x_wconf 82' lang='lat' dir='ltr'>tangat</span> <span class='ocrx_word' id='word_1_89' title='bbox 237 933 474 980; x_wconf 84' lang='lat' dir='ltr'>Ecclefiam,</span> <span class='ocrx_word' id='word_1_90' title='bbox 488 931 656 989; x_wconf 81' lang='lat' dir='ltr'>ejusque</span> <span class='ocrx_word' id='word_1_91' title='bbox 674 931 900 981; x_wconf 87' lang='lat' dir='ltr'>servitium,</span> <span class='ocrx_word' id='word_1_92' title='bbox 921 944 1006 972; x_wconf 91' lang='lat' dir='ltr'>non</span> 
     </span>
     <span class='ocr_line' id='line_1_14' title="bbox 42 991 1006 1050; baseline -0.002 -16"><span class='ocrx_word' id='word_1_93' title='bbox 42 999 43 1010; x_wconf 76' lang='lat'><em>²</em></span> <span class='ocrx_word' id='word_1_94' title='bbox 74 1004 209 1035; x_wconf 82' lang='lat' dir='ltr'>autem</span> <span class='ocrx_word' id='word_1_95' title='bbox 230 992 424 1048; x_wconf 85' lang='lat' dir='ltr'>personas</span> <span class='ocrx_word' id='word_1_96' title='bbox 443 1021 456 1042; x_wconf 92' lang='lat'>‚</span> <span class='ocrx_word' id='word_1_97' title='bbox 482 1007 715 1050; x_wconf 87' lang='lat' dir='ltr'>eorumque</span> <span class='ocrx_word' id='word_1_98' title='bbox 742 991 1006 1034; x_wconf 83' lang='lat' dir='ltr'>commodio-</span> 
     </span>
     <span class='ocr_line' id='line_1_15' title="bbox 42 1050 1007 1108; baseline -0.001 -15"><span class='ocrx_word' id='word_1_99' title='bbox 42 1059 49 1106; x_wconf 71' lang='grc' dir='ltr'>ζ-</span> <span class='ocrx_word' id='word_1_100' title='bbox 74 1066 160 1094; x_wconf 86' lang='lat' dir='ltr'>rem</span> <span class='ocrx_word' id='word_1_101' title='bbox 194 1050 528 1095; x_wconf 84' lang='lat' dir='ltr'>sustentationem</span> <span class='ocrx_word' id='word_1_102' title='bbox 551 1081 563 1100; x_wconf 93' lang='lat'><strong>‚</strong></span> <span class='ocrx_word' id='word_1_103' title='bbox 592 1065 635 1094; x_wconf 90' lang='lat' dir='ltr'>ut</span> <span class='ocrx_word' id='word_1_104' title='bbox 670 1052 795 1108; x_wconf 77' lang='lat' dir='ltr'>plene</span> <span class='ocrx_word' id='word_1_105' title='bbox 822 1051 1007 1093; x_wconf 83' lang='lat' dir='ltr'>animad-</span> 
     </span>
     <span class='ocr_line' id='line_1_16' title="bbox 14 1107 1006 1169; baseline -0.002 -15"><span class='ocrx_word' id='word_1_106' title='bbox 14 1107 15 1110; x_wconf 39' lang='lat'>&#39;</span> <span class='ocrx_word' id='word_1_107' title='bbox 42 1142 46 1154; x_wconf 69' lang='lat'>·‚</span> <span class='ocrx_word' id='word_1_108' title='bbox 75 1114 201 1154; x_wconf 89' lang='lat' dir='ltr'>vertit</span> <span class='ocrx_word' id='word_1_109' title='bbox 221 1141 234 1161; x_wconf 90' lang='lat'>,</span> <span class='ocrx_word' id='word_1_110' title='bbox 258 1117 346 1155; x_wconf 83' lang='lat' dir='ltr'>Rot.</span> <span class='ocrx_word' id='word_1_111' title='bbox 374 1127 505 1154; x_wconf 82' lang='lat' dir='ltr'>coram</span> <span class='ocrx_word' id='word_1_112' title='bbox 534 1111 776 1169; x_wconf 73' lang='lat' dir='ltr'>Peucingerio</span> <span class='ocrx_word' id='word_1_113' title='bbox 791 1112 871 1153; x_wconf 82' lang='lat' dir='ltr'>dec.</span> <span class='ocrx_word' id='word_1_114' title='bbox 903 1125 1006 1152; x_wconf 89' lang='lat'>200.</span> 
     </span>
     <span class='ocr_line' id='line_1_17' title="bbox 35 1180 293 1221; baseline 0 -9"><span class='ocrx_word' id='word_1_115' title='bbox 35 1180 45 1206; x_wconf 37' lang='grc' dir='ltr'>’ἲ</span> <span class='ocrx_word' id='word_1_116' title='bbox 75 1186 223 1213; x_wconf 78' lang='lat' dir='ltr'>numer.</span> <span class='ocrx_word' id='word_1_117' title='bbox 252 1185 293 1221; x_wconf 91' lang='lat'>7.</span> 
     </span>
     <span class='ocr_line' id='line_1_18' title="bbox 14 1229 1005 1288; baseline -0.005 -13"><span class='ocrx_word' id='word_1_118' title='bbox 14 1247 17 1275; x_wconf 69' lang='grc' dir='ltr'>ζ</span> <span class='ocrx_word' id='word_1_119' title='bbox 49 1243 71 1286; x_wconf 83' lang='lat'><em>3</em></span> <span class='ocrx_word' id='word_1_120' title='bbox 133 1229 465 1288; x_wconf 69' lang='lat' dir='ltr'>Huiusmodiquc</span> <span class='ocrx_word' id='word_1_121' title='bbox 481 1229 692 1274; x_wconf 83' lang='lat' dir='ltr'>neceffitas</span> <span class='ocrx_word' id='word_1_122' title='bbox 705 1259 717 1279; x_wconf 86' lang='lat'>‚</span> <span class='ocrx_word' id='word_1_123' title='bbox 732 1229 812 1274; x_wconf 85' lang='lat' dir='ltr'>five</span> <span class='ocrx_word' id='word_1_124' title='bbox 830 1230 1005 1277; x_wconf 83' lang='lat' dir='ltr'>utilitas,</span> 
     </span>
     <span class='ocr_line' id='line_1_19' title="bbox 47 1288 1007 1347; baseline -0.002 -14"><span class='ocrx_word' id='word_1_125' title='bbox 47 1288 49 1292; x_wconf 80' lang='grc'><strong>’</strong></span> <span class='ocrx_word' id='word_1_126' title='bbox 77 1292 142 1333; x_wconf 89' lang='lat' dir='ltr'>vel</span> <span class='ocrx_word' id='word_1_127' title='bbox 162 1290 280 1347; x_wconf 88' lang='lat' dir='ltr'>ipfius</span> <span class='ocrx_word' id='word_1_128' title='bbox 297 1290 483 1334; x_wconf 81' lang='lat' dir='ltr'>Ecclefiae</span> <span class='ocrx_word' id='word_1_129' title='bbox 511 1292 807 1346; x_wconf 84' lang='lat' dir='ltr'>reparatione,</span> <span class='ocrx_word' id='word_1_130' title='bbox 833 1294 872 1334; x_wconf 89' lang='lat'>&amp;</span> <span class='ocrx_word' id='word_1_131' title='bbox 901 1304 1007 1332; x_wconf 91' lang='lat' dir='ltr'>con-</span> 
     </span>
     <span class='ocr_line' id='line_1_20' title="bbox 42 1347 1003 1399; baseline -0.002 -7"><span class='ocrx_word' id='word_1_132' title='bbox 42 1397 46 1399; x_wconf 16' lang='lat'>,</span> <span class='ocrx_word' id='word_1_133' title='bbox 75 1351 247 1393; x_wconf 88' lang='lat' dir='ltr'>decenti</span> <span class='ocrx_word' id='word_1_134' title='bbox 277 1350 572 1395; x_wconf 88' lang='lat' dir='ltr'>sustentatione</span> <span class='ocrx_word' id='word_1_135' title='bbox 597 1378 610 1398; x_wconf 90' lang='lat'>‚</span> <span class='ocrx_word' id='word_1_136' title='bbox 642 1355 680 1393; x_wconf 91' lang='lat'>&amp;</span> <span class='ocrx_word' id='word_1_137' title='bbox 712 1347 883 1393; x_wconf 83' lang='lat' dir='ltr'>servitio</span> <span class='ocrx_word' id='word_1_138' title='bbox 925 1350 1003 1390; x_wconf 91' lang='lat' dir='ltr'>de-</span> 
     </span>
     <span class='ocr_line' id='line_1_21' title="bbox 69 1408 1006 1467; baseline -0.002 -15"><span class='ocrx_word' id='word_1_139' title='bbox 69 1411 344 1467; x_wconf 82' lang='lat' dir='ltr'>prehenditur</span> <span class='ocrx_word' id='word_1_140' title='bbox 359 1440 372 1458; x_wconf 85' lang='lat'>,</span> <span class='ocrx_word' id='word_1_141' title='bbox 387 1411 455 1452; x_wconf 89' lang='lat' dir='ltr'>vel</span> <span class='ocrx_word' id='word_1_142' title='bbox 479 1413 604 1452; x_wconf 86' lang='lat' dir='ltr'>etiam</span> <span class='ocrx_word' id='word_1_143' title='bbox 627 1408 1006 1466; x_wconf 73' lang='lat' dir='ltr'>dignosticonsue-</span> 
     </span>
     <span class='ocr_line' id='line_1_22' title="bbox 54 1469 1008 1530; baseline -0.002 -17"><span class='ocrx_word' id='word_1_144' title='bbox 54 1492 55 1497; x_wconf 64' lang='lat'><em>=</em></span> <span class='ocrx_word' id='word_1_145' title='bbox 70 1472 160 1519; x_wconf 82' lang='lat' dir='ltr'>vit,</span> <span class='ocrx_word' id='word_1_146' title='bbox 176 1484 227 1513; x_wconf 87' lang='lat' dir='ltr'>ex</span> <span class='ocrx_word' id='word_1_147' title='bbox 246 1488 300 1516; x_wconf 85' lang='lat' dir='ltr'>eo</span> <span class='ocrx_word' id='word_1_148' title='bbox 314 1471 433 1530; x_wconf 86' lang='lat' dir='ltr'>quod</span> <span class='ocrx_word' id='word_1_149' title='bbox 446 1472 502 1512; x_wconf 93' lang='lat' dir='ltr'>ob</span> <span class='ocrx_word' id='word_1_150' title='bbox 518 1469 718 1512; x_wconf 64' lang='lat' dir='ltr'>fruetuum</span> <span class='ocrx_word' id='word_1_151' title='bbox 732 1472 978 1512; x_wconf 83' lang='lat' dir='ltr'>tenuitatem</span> <span class='ocrx_word' id='word_1_152' title='bbox 990 1499 1008 1520; x_wconf 80' lang='lat'>,</span> 
     </span>
     <span class='ocr_line' id='line_1_23' title="bbox 72 1529 1001 1587; baseline 0.001 -16"><span class='ocrx_word' id='word_1_153' title='bbox 72 1531 241 1580; x_wconf 65' lang='lat' dir='ltr'>nullm,</span> <span class='ocrx_word' id='word_1_154' title='bbox 265 1534 336 1575; x_wconf 88' lang='lat' dir='ltr'>vel</span> <span class='ocrx_word' id='word_1_155' title='bbox 355 1530 513 1574; x_wconf 72' lang='lat' dir='ltr'>nonnisi</span> <span class='ocrx_word' id='word_1_156' title='bbox 541 1532 622 1574; x_wconf 84' lang='lat' dir='ltr'>rari</span> <span class='ocrx_word' id='word_1_157' title='bbox 661 1529 898 1579; x_wconf 77' lang='lat' dir='ltr'>adfuerint,</span> <span class='ocrx_word' id='word_1_158' title='bbox 928 1532 1001 1587; x_wconf 90' lang='lat' dir='ltr'>qui</span> 
     </span>
     <span class='ocr_line' id='line_1_24' title="bbox 46 1588 1001 1649; baseline 0 -17"><span class='ocrx_word' id='word_1_159' title='bbox 46 1644 50 1649; x_wconf 83' lang='lat'>.</span> <span class='ocrx_word' id='word_1_160' title='bbox 71 1589 319 1634; x_wconf 85' lang='lat' dir='ltr'>beneficium</span> <span class='ocrx_word' id='word_1_161' title='bbox 361 1603 579 1647; x_wconf 86' lang='lat' dir='ltr'>acceptare</span> <span class='ocrx_word' id='word_1_162' title='bbox 631 1591 844 1632; x_wconf 88' lang='lat' dir='ltr'>voluerint</span> <span class='ocrx_word' id='word_1_163' title='bbox 872 1588 889 1639; x_wconf 73' lang='lat'>,&#39;</span> <span class='ocrx_word' id='word_1_164' title='bbox 932 1590 1001 1632; x_wconf 90' lang='lat' dir='ltr'>vel</span> 
     </span>
     <span class='ocr_line' id='line_1_25' title="bbox 23 1651 1001 1708; baseline 0 -17"><span class='ocrx_word' id='word_1_165' title='bbox 23 1652 47 1699; x_wconf 64' lang='grc' dir='ltr'>,ξ-</span> <span class='ocrx_word' id='word_1_166' title='bbox 69 1651 112 1692; x_wconf 85' lang='lat' dir='ltr'>hi</span> <span class='ocrx_word' id='word_1_167' title='bbox 132 1653 204 1708; x_wconf 90' lang='lat' dir='ltr'>qui</span> <span class='ocrx_word' id='word_1_168' title='bbox 220 1653 477 1708; x_wconf 78' lang='lat' dir='ltr'>reperiantur</span> <span class='ocrx_word' id='word_1_169' title='bbox 502 1651 646 1694; x_wconf 90' lang='lat' dir='ltr'>idonei</span> <span class='ocrx_word' id='word_1_170' title='bbox 670 1651 772 1693; x_wconf 72' lang='lat' dir='ltr'>vere</span> <span class='ocrx_word' id='word_1_171' title='bbox 796 1664 879 1692; x_wconf 90' lang='lat' dir='ltr'>non</span> <span class='ocrx_word' id='word_1_172' title='bbox 911 1652 1001 1693; x_wconf 89' lang='lat' dir='ltr'>exi-</span> 
     </span>
     <span class='ocr_line' id='line_1_26' title="bbox 42 1709 1002 1768; baseline 0 -16"><span class='ocrx_word' id='word_1_173' title='bbox 42 1753 49 1760; x_wconf 58' lang='lat'><em>„</em></span> <span class='ocrx_word' id='word_1_174' title='bbox 70 1710 200 1759; x_wconf 72' lang='lat' dir='ltr'>stant,</span> <span class='ocrx_word' id='word_1_175' title='bbox 224 1724 269 1754; x_wconf 89' lang='lat' dir='ltr'>ut</span> <span class='ocrx_word' id='word_1_176' title='bbox 298 1723 444 1768; x_wconf 86' lang='lat' dir='ltr'>ptaeter</span> <span class='ocrx_word' id='word_1_177' title='bbox 468 1711 674 1768; x_wconf 86' lang='lat' dir='ltr'>allegatos</span> <span class='ocrx_word' id='word_1_178' title='bbox 702 1711 745 1751; x_wconf 92' lang='lat' dir='ltr'>in</span> <span class='ocrx_word' id='word_1_179' title='bbox 769 1709 1002 1752; x_wconf 70' lang='lat' dir='ltr'>decisione..-</span> 
     </span>
     <span class='ocr_line' id='line_1_27' title="bbox 45 1767 1001 1828; baseline -0.003 -14"><span class='ocrx_word' id='word_1_180' title='bbox 45 1768 49 1777; x_wconf 55' lang='lat'>²</span> <span class='ocrx_word' id='word_1_181' title='bbox 68 1771 323 1828; x_wconf 83' lang='lat' dir='ltr'>praecedenti</span> <span class='ocrx_word' id='word_1_182' title='bbox 344 1770 465 1823; x_wconf 89' lang='lat' dir='ltr'>hujus</span> <span class='ocrx_word' id='word_1_183' title='bbox 478 1768 605 1812; x_wconf 89' lang='lat' dir='ltr'>causae</span> <span class='ocrx_word' id='word_1_184' title='bbox 625 1767 696 1811; x_wconf 88' lang='lat' dir='ltr'>sub</span> <span class='ocrx_word' id='word_1_185' title='bbox 715 1774 753 1817; x_wconf 90' lang='lat'>§.</span> <span class='ocrx_word' id='word_1_186' title='bbox 773 1771 822 1811; x_wconf 82' lang='lat' dir='ltr'>Et</span> <span class='ocrx_word' id='word_1_187' title='bbox 837 1771 911 1811; x_wconf 70' lang='lat' dir='ltr'>haec</span> <span class='ocrx_word' id='word_1_188' title='bbox 931 1785 1001 1811; x_wconf 88' lang='lat' dir='ltr'>ne-</span> 
     </span>
     <span class='ocr_line' id='line_1_28' title="bbox 20 1826 1002 1888; baseline -0.003 -15"><span class='ocrx_word' id='word_1_189' title='bbox 20 1872 22 1874; x_wconf 87' lang='grc'><strong>,</strong></span> <span class='ocrx_word' id='word_1_190' title='bbox 49 1831 215 1888; x_wconf 70' lang='lat' dir='ltr'>¹ceffi‘tas</span> <span class='ocrx_word' id='word_1_191' title='bbox 229 1860 244 1880; x_wconf 93' lang='lat'>,</span> <span class='ocrx_word' id='word_1_192' title='bbox 265 1831 434 1873; x_wconf 84' lang='lat' dir='ltr'>tradunt</span> <span class='ocrx_word' id='word_1_193' title='bbox 456 1832 582 1872; x_wconf 79' lang='lat' dir='ltr'>Abbas</span> <span class='ocrx_word' id='word_1_194' title='bbox 598 1831 638 1871; x_wconf 86' lang='lat' dir='ltr'>in</span> <span class='ocrx_word' id='word_1_195' title='bbox 651 1826 754 1871; x_wconf 60' lang='lat' dir='ltr'>didio</span> <span class='ocrx_word' id='word_1_196' title='bbox 771 1830 897 1883; x_wconf 83' lang='lat' dir='ltr'>Capit.</span> <span class='ocrx_word' id='word_1_197' title='bbox 925 1843 1002 1870; x_wconf 81' lang='lat' dir='ltr'>ex-</span> 
     </span>
     <span class='ocr_line' id='line_1_29' title="bbox 24 1890 1004 1950; baseline -0.001 -18"><span class='ocrx_word' id='word_1_198' title='bbox 24 1896 26 1898; x_wconf 83' lang='lat'>&#39;</span> <span class='ocrx_word' id='word_1_199' title='bbox 60 1891 222 1950; x_wconf 78' lang='lat' dir='ltr'>posuisti</span> <span class='ocrx_word' id='word_1_200' title='bbox 234 1905 337 1932; x_wconf 83' lang='lat' dir='ltr'>num.</span> <span class='ocrx_word' id='word_1_201' title='bbox 350 1903 390 1942; x_wconf 89' lang='lat'>4.</span> <span class='ocrx_word' id='word_1_202' title='bbox 406 1890 579 1933; x_wconf 85' lang='lat' dir='ltr'>Menocb.</span> <span class='ocrx_word' id='word_1_203' title='bbox 596 1891 720 1944; x_wconf 72' lang='lat' dir='ltr'>consti.</span> <span class='ocrx_word' id='word_1_204' title='bbox 732 1902 832 1940; x_wconf 86' lang='lat'><strong>402.</strong></span> <span class='ocrx_word' id='word_1_205' title='bbox 849 1904 913 1930; x_wconf 85' lang='lat' dir='ltr'>nu.</span> <span class='ocrx_word' id='word_1_206' title='bbox 927 1891 1004 1939; x_wconf 80' lang='lat'>87.</span> 
     </span>
     <span class='ocr_line' id='line_1_30' title="bbox 33 1950 1000 2008; baseline -0.001 -15"><span class='ocrx_word' id='word_1_207' title='bbox 33 2002 35 2005; x_wconf 34' lang='grc'><strong>,</strong></span> <span class='ocrx_word' id='word_1_208' title='bbox 68 1955 120 1998; x_wconf 70' lang='grc' dir='ltr'>ό·</span> <span class='ocrx_word' id='word_1_209' title='bbox 144 1953 215 1993; x_wconf 87' lang='grc'><strong>88.</strong></span> <span class='ocrx_word' id='word_1_210' title='bbox 229 1951 350 2008; x_wconf 71' lang='lat' dir='ltr'>plene</span> <span class='ocrx_word' id='word_1_211' title='bbox 366 1979 380 2000; x_wconf 87' lang='lat'>,</span> <span class='ocrx_word' id='word_1_212' title='bbox 397 1954 488 1992; x_wconf 85' lang='lat' dir='ltr'>Rot.</span> <span class='ocrx_word' id='word_1_213' title='bbox 501 1950 611 2003; x_wconf 64' lang='lat' dir='ltr'>decisi</span> <span class='ocrx_word' id='word_1_214' title='bbox 631 1962 698 2000; x_wconf 83' lang='lat'>53.</span> <span class='ocrx_word' id='word_1_215' title='bbox 718 1964 820 1990; x_wconf 86' lang='lat' dir='ltr'>num.</span> <span class='ocrx_word' id='word_1_216' title='bbox 843 1963 877 1990; x_wconf 85' lang='lat'>1.</span> <span class='ocrx_word' id='word_1_217' title='bbox 894 1950 942 1992; x_wconf 76' lang='lat'>&amp;¹</span> <span class='ocrx_word' id='word_1_218' title='bbox 958 1962 1000 1998; x_wconf 80' lang='lat'>4·</span> 
     </span>
     <span class='ocr_line' id='line_1_31' title="bbox 28 2008 1002 2077; baseline -0.002 -23"><span class='ocrx_word' id='word_1_219' title='bbox 28 2012 177 2077; x_wconf 32' lang='grc' dir='ltr'><strong>ἐμαί.</strong></span> <span class='ocrx_word' id='word_1_220' title='bbox 202 2025 218 2051; x_wconf 85' lang='lat'>1</span> <span class='ocrx_word' id='word_1_221' title='bbox 233 2025 268 2053; x_wconf 83' lang='lat'>1.</span> <span class='ocrx_word' id='word_1_222' title='bbox 285 2010 490 2052; x_wconf 83' lang='lat' dir='ltr'>recentior.</span> <span class='ocrx_word' id='word_1_223' title='bbox 522 2011 603 2051; x_wconf 93' lang='lat' dir='ltr'>Vix</span> <span class='ocrx_word' id='word_1_224' title='bbox 621 2012 730 2052; x_wconf 89' lang='lat' dir='ltr'>enim</span> <span class='ocrx_word' id='word_1_225' title='bbox 750 2008 910 2051; x_wconf 86' lang='lat' dir='ltr'>suaderi</span> <span class='ocrx_word' id='word_1_226' title='bbox 927 2024 1002 2065; x_wconf 90' lang='lat' dir='ltr'>po-</span> 
     </span>
     <span class='ocr_line' id='line_1_32' title="bbox 36 2061 1002 2123; baseline -0.006 -6"><span class='ocrx_word' id='word_1_227' title='bbox 36 2061 167 2123; x_wconf 55' lang='lat' dir='ltr'>··;&#39;²-;tetit</span> <span class='ocrx_word' id='word_1_228' title='bbox 182 2085 268 2114; x_wconf 89' lang='lat' dir='ltr'>non</span> <span class='ocrx_word' id='word_1_229' title='bbox 282 2069 359 2112; x_wconf 81' lang='lat' dir='ltr'>effe</span> <span class='ocrx_word' id='word_1_230' title='bbox 376 2069 579 2113; x_wconf 80' lang='lat' dir='ltr'>solvendo</span> <span class='ocrx_word' id='word_1_231' title='bbox 595 2083 685 2112; x_wconf 85' lang='lat' dir='ltr'>eam</span> <span class='ocrx_word' id='word_1_232' title='bbox 701 2069 1002 2117; x_wconf 82' lang='lat' dir='ltr'>haereditatem,</span> 
     </span>
     <span class='ocr_line' id='line_1_33' title="bbox 43 2125 1001 2191; baseline -0.005 -16"><span class='ocrx_word' id='word_1_233' title='bbox 43 2125 54 2143; x_wconf 65' lang='lat'>⁹</span> <span class='ocrx_word' id='word_1_234' title='bbox 66 2147 160 2191; x_wconf 83' lang='lat' dir='ltr'>quae</span> <span class='ocrx_word' id='word_1_235' title='bbox 173 2131 426 2174; x_wconf 88' lang='lat' dir='ltr'>benevolum</span> <span class='ocrx_word' id='word_1_236' title='bbox 442 2141 703 2185; x_wconf 82' lang='lat' dir='ltr'>receptorem</span> <span class='ocrx_word' id='word_1_237' title='bbox 719 2130 1001 2176; x_wconf 87' lang='lat' dir='ltr'>adinvenerit,</span> 
     </span>
     <span class='ocr_line' id='line_1_34' title="bbox 66 2188 1005 2247; baseline -0.005 -12.185"><span class='ocrx_word' id='word_1_238' title='bbox 66 2205 114 2236; x_wconf 79' lang='lat' dir='ltr'>ut</span> <span class='ocrx_word' id='word_1_239' title='bbox 129 2193 186 2234; x_wconf 78' lang='lat' dir='ltr'>ait</span> <span class='ocrx_word' id='word_1_240' title='bbox 203 2219 217 2241; x_wconf 85' lang='lat'>‚</span> <span class='ocrx_word' id='word_1_241' title='bbox 241 2191 362 2234; x_wconf 84' lang='lat' dir='ltr'>Text.</span> <span class='ocrx_word' id='word_1_242' title='bbox 378 2191 419 2231; x_wconf 83' lang='lat' dir='ltr'>in</span> <span class='ocrx_word' id='word_1_243' title='bbox 442 2194 535 2245; x_wconf 82' lang='lat' dir='ltr'>Leg.</span> <span class='ocrx_word' id='word_1_244' title='bbox 563 2203 602 2241; x_wconf 84' lang='grc'><strong>3.</strong></span> <span class='ocrx_word' id='word_1_245' title='bbox 610 2189 662 2247; x_wconf 89' lang='lat' dir='ltr'><em>ff</em></span> <span class='ocrx_word' id='word_1_246' title='bbox 684 2189 734 2229; x_wconf 70' lang='lat' dir='ltr'>ad</span> <span class='ocrx_word' id='word_1_247' title='bbox 754 2193 843 2244; x_wconf 86' lang='lat' dir='ltr'>Leg.</span> <span class='ocrx_word' id='word_1_248' title='bbox 855 2188 1005 2241; x_wconf 80' lang='lat' dir='ltr'>falcid.</span> 
     </span>
     <span class='ocr_line' id='line_1_35' title="bbox 58 2248 1003 2310; baseline -0.003 -16"><span class='ocrx_word' id='word_1_249' title='bbox 58 2265 194 2310; x_wconf 53' lang='lat' dir='ltr'>‚quem</span> <span class='ocrx_word' id='word_1_250' title='bbox 217 2251 270 2293; x_wconf 89' lang='lat' dir='ltr'>ad</span> <span class='ocrx_word' id='word_1_251' title='bbox 300 2248 558 2307; x_wconf 85' lang='lat' dir='ltr'>propofitum</span> <span class='ocrx_word' id='word_1_252' title='bbox 581 2250 755 2291; x_wconf 86' lang='lat' dir='ltr'>nostrum</span> <span class='ocrx_word' id='word_1_253' title='bbox 783 2249 894 2291; x_wconf 87' lang='lat' dir='ltr'>bene</span> <span class='ocrx_word' id='word_1_254' title='bbox 927 2262 1003 2291; x_wconf 87' lang='lat' dir='ltr'>cx-</span> 
     </span>
     <span class='ocr_line' id='line_1_36' title="bbox 35 2306 996 2372; baseline -0.004 -18"><span class='ocrx_word' id='word_1_255' title='bbox 35 2316 45 2349; x_wconf 70' lang='grc' dir='ltr'><em>ξ</em></span> <span class='ocrx_word' id='word_1_256' title='bbox 58 2306 217 2372; x_wconf 66' lang='lat' dir='ltr'>¹pendit</span> <span class='ocrx_word' id='word_1_257' title='bbox 242 2313 346 2352; x_wconf 78' lang='lat' dir='ltr'>Rota</span> <span class='ocrx_word' id='word_1_258' title='bbox 374 2310 455 2351; x_wconf 85' lang='lat' dir='ltr'>dec.</span> <span class='ocrx_word' id='word_1_259' title='bbox 484 2313 585 2360; x_wconf 88' lang='lat'><strong>406.</strong></span> <span class='ocrx_word' id='word_1_260' title='bbox 599 2322 703 2350; x_wconf 87' lang='lat' dir='ltr'>num.</span> <span class='ocrx_word' id='word_1_261' title='bbox 722 2321 788 2348; x_wconf 88' lang='lat'>10.</span> <span class='ocrx_word' id='word_1_262' title='bbox 800 2319 911 2363; x_wconf 83' lang='lat' dir='ltr'>part.</span> <span class='ocrx_word' id='word_1_263' title='bbox 929 2313 996 2350; x_wconf 91' lang='lat'>16.</span> 
     </span>
     <span class='ocr_line' id='line_1_37' title="bbox 36 2375 142 2424; baseline -0.047 -8"><span class='ocrx_word' id='word_1_264' title='bbox 36 2375 142 2424; x_wconf 45' lang='lat' dir='ltr'>fine.</span> 
     </span>
     <span class='ocr_line' id='line_1_38' title="bbox 123 2426 1002 2488; baseline -0.003 -16.273"><span class='ocrx_word' id='word_1_265' title='bbox 123 2434 320 2488; x_wconf 89' lang='lat' dir='ltr'>Cumque</span> <span class='ocrx_word' id='word_1_266' title='bbox 359 2441 582 2485; x_wconf 84' lang='lat' dir='ltr'>propterea</span> <span class='ocrx_word' id='word_1_267' title='bbox 613 2429 855 2469; x_wconf 83' lang='lat' dir='ltr'>Decanatus</span> <span class='ocrx_word' id='word_1_268' title='bbox 886 2428 909 2470; x_wconf 69' lang='lat' dir='ltr'>a</span> <span class='ocrx_word' id='word_1_269' title='bbox 931 2426 1002 2469; x_wconf 81' lang='lat' dir='ltr'>sae-</span> 
     </span>
     <span class='ocr_line' id='line_1_39' title="bbox 43 2488 1001 2544; baseline -0.009 -8"><span class='ocrx_word' id='word_1_270' title='bbox 43 2491 163 2538; x_wconf 62' lang='lat' dir='ltr'>-ftulo</span> <span class='ocrx_word' id='word_1_271' title='bbox 189 2495 229 2533; x_wconf 89' lang='lat'>&amp;</span> <span class='ocrx_word' id='word_1_272' title='bbox 260 2491 366 2532; x_wconf 84' lang='lat' dir='ltr'>ultra</span> <span class='ocrx_word' id='word_1_273' title='bbox 395 2501 637 2544; x_wconf 87' lang='lat' dir='ltr'>acceptatus</span> <span class='ocrx_word' id='word_1_274' title='bbox 667 2488 926 2541; x_wconf 83' lang='lat' dir='ltr'>reperiatur,</span> <span class='ocrx_word' id='word_1_275' title='bbox 958 2491 1001 2531; x_wconf 69' lang='grc' dir='ltr'>ὅτ,</span> 
     </span>
     <span class='ocr_line' id='line_1_40' title="bbox 46 2546 998 2604; baseline -0.003 -11"><span class='ocrx_word' id='word_1_276' title='bbox 46 2551 238 2603; x_wconf 62' lang='lat' dir='ltr'>„uidem</span> <span class='ocrx_word' id='word_1_277' title='bbox 257 2551 280 2591; x_wconf 75' lang='grc' dir='ltr'>ὲ</span> <span class='ocrx_word' id='word_1_278' title='bbox 310 2550 419 2590; x_wconf 87' lang='lat' dir='ltr'>Viris</span> <span class='ocrx_word' id='word_1_279' title='bbox 441 2546 655 2604; x_wconf 81' lang='lat' dir='ltr'>plusquam</span> <span class='ocrx_word' id='word_1_280' title='bbox 681 2548 872 2595; x_wconf 84' lang='lat' dir='ltr'>idoneis,</span> <span class='ocrx_word' id='word_1_281' title='bbox 905 2548 998 2590; x_wconf 87' lang='lat' dir='ltr'>Do-</span> 
     </span>
     <span class='ocr_line' id='line_1_41' title="bbox 42 2605 996 2666; baseline -0.003 -14"><span class='ocrx_word' id='word_1_282' title='bbox 42 2605 44 2607; x_wconf 25' lang='lat'><em>*</em></span> <span class='ocrx_word' id='word_1_283' title='bbox 74 2607 78 2611; x_wconf 69' lang='grc'><em>’</em></span> <span class='ocrx_word' id='word_1_284' title='bbox 105 2607 462 2666; x_wconf 82' lang='lat' dir='ltr'>rina‚caeterisque</span> <span class='ocrx_word' id='word_1_285' title='bbox 479 2607 703 2664; x_wconf 77' lang='lat' dir='ltr'>insignibus</span> <span class='ocrx_word' id='word_1_286' title='bbox 720 2607 996 2663; x_wconf 85' lang='lat' dir='ltr'>qualitatibus</span> 
     </span>
     <span class='ocr_line' id='line_1_42' title="bbox 95 2665 996 2725; baseline -0.004 -11"><span class='ocrx_word' id='word_1_287' title='bbox 95 2671 325 2714; x_wconf 74' lang='lat' dir='ltr'>clientibus</span> <span class='ocrx_word' id='word_1_288' title='bbox 351 2697 364 2717; x_wconf 89' lang='lat'>,</span> <span class='ocrx_word' id='word_1_289' title='bbox 394 2667 550 2725; x_wconf 73' lang='lat' dir='ltr'>ipsique</span> <span class='ocrx_word' id='word_1_290' title='bbox 581 2667 773 2708; x_wconf 86' lang='lat' dir='ltr'>debitum</span> <span class='ocrx_word' id='word_1_291' title='bbox 807 2665 996 2710; x_wconf 83' lang='lat' dir='ltr'>Ecclefiae</span> 
     </span>
     <span class='ocr_line' id='line_1_43' title="bbox 112 2727 998 2783; baseline -0.002 -12"><span class='ocrx_word' id='word_1_292' title='bbox 112 2730 278 2772; x_wconf 86' lang='lat' dir='ltr'>rvitium</span> <span class='ocrx_word' id='word_1_293' title='bbox 298 2728 349 2770; x_wconf 81' lang='lat' dir='ltr'>ab</span> <span class='ocrx_word' id='word_1_294' title='bbox 365 2729 483 2771; x_wconf 80' lang='lat' dir='ltr'>AEvo</span> <span class='ocrx_word' id='word_1_295' title='bbox 512 2727 773 2783; x_wconf 78' lang='lat' dir='ltr'>praestiterint</span> <span class='ocrx_word' id='word_1_296' title='bbox 794 2754 807 2774; x_wconf 90' lang='lat'>,</span> <span class='ocrx_word' id='word_1_297' title='bbox 835 2739 911 2768; x_wconf 89' lang='lat' dir='ltr'>nec</span> <span class='ocrx_word' id='word_1_298' title='bbox 933 2728 998 2769; x_wconf 90' lang='lat' dir='ltr'>in-</span> 
     </span>
     <span class='ocr_line' id='line_1_44' title="bbox 80 2785 997 2845; baseline -0.003 -14"><span class='ocrx_word' id='word_1_299' title='bbox 80 2836 85 2842; x_wconf 18' lang='lat'>,</span> <span class='ocrx_word' id='word_1_300' title='bbox 112 2801 339 2845; x_wconf 88' lang='lat' dir='ltr'>rrumptum</span> <span class='ocrx_word' id='word_1_301' title='bbox 366 2786 797 2844; x_wconf 86' lang='lat' dir='ltr'>remanserit‚utique</span> <span class='ocrx_word' id='word_1_302' title='bbox 810 2785 997 2830; x_wconf 80' lang='lat' dir='ltr'>Ecclefiae</span> 
     </span>
     <span class='ocr_line' id='line_1_45' title="bbox 59 2844 998 2901; baseline -0.002 -9"><span class='ocrx_word' id='word_1_303' title='bbox 59 2849 346 2901; x_wconf 52' lang='lat' dir='ltr'>heceffitatem</span> <span class='ocrx_word' id='word_1_304' title='bbox 372 2876 387 2897; x_wconf 88' lang='lat'>‚</span> <span class='ocrx_word' id='word_1_305' title='bbox 429 2849 498 2891; x_wconf 89' lang='lat' dir='ltr'>vel</span> <span class='ocrx_word' id='word_1_306' title='bbox 530 2846 754 2889; x_wconf 84' lang='lat' dir='ltr'>utilitatem</span> <span class='ocrx_word' id='word_1_307' title='bbox 795 2844 998 2890; x_wconf 69' lang='lat' dir='ltr'>delicere)</span> 
     </span>
     <span class='ocr_line' id='line_1_46' title="bbox 1 2902 1003 2964; baseline -0.009 -12"><span class='ocrx_word' id='word_1_308' title='bbox 1 2922 5 2925; x_wconf 77' lang='grc'>’</span> <span class='ocrx_word' id='word_1_309' title='bbox 60 2902 316 2964; x_wconf 56' lang='grc' dir='ltr'>ᾗεηΐεηάιιπι</span> <span class='ocrx_word' id='word_1_310' title='bbox 339 2909 454 2950; x_wconf 87' lang='lat' dir='ltr'>venit</span> <span class='ocrx_word' id='word_1_311' title='bbox 469 2935 483 2956; x_wconf 88' lang='lat'>,</span> <span class='ocrx_word' id='word_1_312' title='bbox 507 2919 550 2948; x_wconf 94' lang='lat' dir='ltr'>ut</span> <span class='ocrx_word' id='word_1_313' title='bbox 576 2908 757 2963; x_wconf 86' lang='lat' dir='ltr'>probat,</span> <span class='ocrx_word' id='word_1_314' title='bbox 780 2904 901 2948; x_wconf 84' lang='lat' dir='ltr'>Text.</span> <span class='ocrx_word' id='word_1_315' title='bbox 916 2905 1003 2949; x_wconf 61' lang='lat' dir='ltr'>ire-2.</span> 
     </span>
     <span class='ocr_line' id='line_1_47' title="bbox 35 2965 1001 3023; baseline -0.012 -10"><span class='ocrx_word' id='word_1_316' title='bbox 35 3007 40 3012; x_wconf 85' lang='lat'>.</span> <span class='ocrx_word' id='word_1_317' title='bbox 102 2969 169 3012; x_wconf 62' lang='lat' dir='ltr'>&#39;Bo</span> <span class='ocrx_word' id='word_1_318' title='bbox 184 2974 277 3023; x_wconf 81' lang='lat' dir='ltr'>Cap.</span> <span class='ocrx_word' id='word_1_319' title='bbox 298 2966 503 3022; x_wconf 80' lang='lat' dir='ltr'>exposuisti</span> <span class='ocrx_word' id='word_1_320' title='bbox 519 2969 564 3008; x_wconf 86' lang='lat' dir='ltr'>de</span> <span class='ocrx_word' id='word_1_321' title='bbox 578 2968 743 3021; x_wconf 78' lang='lat' dir='ltr'>praeben.</span> <span class='ocrx_word' id='word_1_322' title='bbox 765 2965 814 3008; x_wconf 72' lang='lat'>(9-</span> <span class='ocrx_word' id='word_1_323' title='bbox 845 2966 886 3006; x_wconf 87' lang='lat' dir='ltr'>in</span> <span class='ocrx_word' id='word_1_324' title='bbox 913 2967 1001 3008; x_wconf 73' lang='lat' dir='ltr'>cle-</span> 
     </span>
     <span class='ocr_line' id='line_1_48' title="bbox 5 3026 1006 3082; baseline 0.002 -16"><span class='ocrx_word' id='word_1_325' title='bbox 5 3074 10 3078; x_wconf 16' lang='lat'><em>*</em></span> <span class='ocrx_word' id='word_1_326' title='bbox 36 3030 40 3070; x_wconf 75' lang='grc' dir='ltr'>,ἶ</span> <span class='ocrx_word' id='word_1_327' title='bbox 126 3028 238 3075; x_wconf 80' lang='lat' dir='ltr'>mina</span> <span class='ocrx_word' id='word_1_328' title='bbox 252 3027 386 3082; x_wconf 76' lang='lat' dir='ltr'>prima</span> <span class='ocrx_word' id='word_1_329' title='bbox 409 3031 448 3074; x_wconf 79' lang='lat' dir='ltr'>S.</span> <span class='ocrx_word' id='word_1_330' title='bbox 462 3028 524 3070; x_wconf 77' lang='lat' dir='ltr'>Ad</span> <span class='ocrx_word' id='word_1_331' title='bbox 535 3027 609 3067; x_wconf 77' lang='lat' dir='ltr'>haec</span> <span class='ocrx_word' id='word_1_332' title='bbox 621 3026 792 3077; x_wconf 38' lang='lat' dir='ltr'>destatuv</span> <span class='ocrx_word' id='word_1_333' title='bbox 816 3026 1006 3068; x_wconf 61' lang='lat' dir='ltr'>Monam.</span> 
     </span>
     <span class='ocr_line' id='line_1_49' title="bbox 10 3076 1002 3142; baseline -0.003 -13"><span class='ocrx_word' id='word_1_334' title='bbox 10 3115 11 3118; x_wconf 62' lang='lat'><em>=</em></span> <span class='ocrx_word' id='word_1_335' title='bbox 37 3082 41 3115; x_wconf 61' lang='grc' dir='ltr'><em>ἶ</em></span> <span class='ocrx_word' id='word_1_336' title='bbox 65 3076 204 3142; x_wconf 45' lang='lat' dir='ltr'>*ebusi</span> <span class='ocrx_word' id='word_1_337' title='bbox 220 3089 261 3129; x_wconf 85' lang='lat' dir='ltr'>in</span> <span class='ocrx_word' id='word_1_338' title='bbox 271 3102 395 3142; x_wconf 85' lang='lat' dir='ltr'>prax.</span> <span class='ocrx_word' id='word_1_339' title='bbox 412 3087 480 3128; x_wconf 79' lang='lat' dir='ltr'>tit.</span> <span class='ocrx_word' id='word_1_340' title='bbox 496 3087 543 3127; x_wconf 83' lang='lat' dir='ltr'>de</span> <span class='ocrx_word' id='word_1_341' title='bbox 558 3087 694 3127; x_wconf 87' lang='lat' dir='ltr'>unione</span> <span class='ocrx_word' id='word_1_342' title='bbox 713 3099 816 3127; x_wconf 79' lang='lat' dir='ltr'>num.</span> <span class='ocrx_word' id='word_1_343' title='bbox 833 3089 1002 3135; x_wconf 83' lang='lat' dir='ltr'>39.Rot·.</span> 
     </span>
     <span class='ocr_line' id='line_1_50' title="bbox 39 3143 1000 3201; baseline -0.007 -11.273"><span class='ocrx_word' id='word_1_344' title='bbox 39 3187 41 3191; x_wconf 19' lang='grc' dir='ltr'><em>Α</em></span> <span class='ocrx_word' id='word_1_345' title='bbox 68 3144 178 3201; x_wconf 60' lang='lat' dir='ltr'>&amp;cufi</span> <span class='ocrx_word' id='word_1_346' title='bbox 201 3161 412 3199; x_wconf 85' lang='lat' dir='ltr'>133.num.</span> <span class='ocrx_word' id='word_1_347' title='bbox 434 3145 537 3190; x_wconf 53' lang='lat' dir='ltr'>m&amp;</span> <span class='ocrx_word' id='word_1_348' title='bbox 558 3156 718 3199; x_wconf 86' lang='lat' dir='ltr'>3.part.</span> <span class='ocrx_word' id='word_1_349' title='bbox 737 3143 1000 3197; x_wconf 48' lang='grc' dir='ltr'>πλέω-»φά</span> 
     </span>
     <span class='ocr_line' id='line_1_51' title="bbox 0 3203 786 3260; baseline -0.008 -10"><span class='ocrx_word' id='word_1_350' title='bbox 0 3213 17 3217; x_wconf 77' lang='grc'>’</span> <span class='ocrx_word' id='word_1_351' title='bbox 34 3234 43 3246; x_wconf 88' lang='lat'>.·</span> <span class='ocrx_word' id='word_1_352' title='bbox 67 3203 176 3260; x_wconf 62' lang='lat' dir='ltr'>decis.</span> <span class='ocrx_word' id='word_1_353' title='bbox 197 3220 264 3259; x_wconf 85' lang='lat'>53.</span> <span class='ocrx_word' id='word_1_354' title='bbox 282 3222 371 3248; x_wconf 86' lang='lat' dir='ltr'>num</span> <span class='ocrx_word' id='word_1_355' title='bbox 387 3219 426 3257; x_wconf 88' lang='lat'>4.</span> <span class='ocrx_word' id='word_1_356' title='bbox 441 3219 530 3260; x_wconf 84' lang='lat' dir='ltr'>par.</span> <span class='ocrx_word' id='word_1_357' title='bbox 562 3218 625 3246; x_wconf 88' lang='lat'>11.</span> <span class='ocrx_word' id='word_1_358' title='bbox 642 3215 786 3246; x_wconf 79' lang='lat' dir='ltr'>recent.</span> 
     </span>
     <span class='ocr_line' id='line_1_52' title="bbox 11 3263 998 3323; baseline -0.002 -15.006"><span class='ocrx_word' id='word_1_359' title='bbox 11 3263 13 3265; x_wconf 67' lang='grc'><strong>’</strong></span> <span class='ocrx_word' id='word_1_360' title='bbox 35 3277 105 3317; x_wconf 48' lang='grc' dir='ltr'>ς’..</span> <span class='ocrx_word' id='word_1_361' title='bbox 129 3268 370 3310; x_wconf 87' lang='lat' dir='ltr'>Ponderato</span> <span class='ocrx_word' id='word_1_362' title='bbox 394 3264 614 3323; x_wconf 82' lang='lat' dir='ltr'>praescrtim</span> <span class='ocrx_word' id='word_1_363' title='bbox 630 3293 643 3313; x_wconf 93' lang='lat'>,</span> <span class='ocrx_word' id='word_1_364' title='bbox 659 3265 775 3322; x_wconf 92' lang='lat' dir='ltr'>quod</span> <span class='ocrx_word' id='word_1_365' title='bbox 804 3265 998 3319; x_wconf 85' lang='lat' dir='ltr'>primaeva</span> 
     </span>
     <span class='ocr_line' id='line_1_53' title="bbox 14 3324 999 3381; baseline -0.004 -12"><span class='ocrx_word' id='word_1_366' title='bbox 14 3347 17 3361; x_wconf 56' lang='grc' dir='ltr'>κ</span> <span class='ocrx_word' id='word_1_367' title='bbox 37 3335 47 3362; x_wconf 76' lang='lat'>?:</span> <span class='ocrx_word' id='word_1_368' title='bbox 68 3324 149 3369; x_wconf 72' lang='lat' dir='ltr'>dos</span> <span class='ocrx_word' id='word_1_369' title='bbox 167 3328 402 3368; x_wconf 84' lang='lat' dir='ltr'>Decanatus</span> <span class='ocrx_word' id='word_1_370' title='bbox 420 3327 473 3381; x_wconf 72' lang='lat' dir='ltr'>ab</span> <span class='ocrx_word' id='word_1_371' title='bbox 506 3326 727 3367; x_wconf 71' lang='lat' dir='ltr'>erectionis</span> <span class='ocrx_word' id='word_1_372' title='bbox 753 3325 876 3366; x_wconf 90' lang='lat' dir='ltr'>initio</span> <span class='ocrx_word' id='word_1_373' title='bbox 893 3337 999 3367; x_wconf 88' lang='lat' dir='ltr'>con-</span> 
     </span>
     <span class='ocr_line' id='line_1_54' title="bbox 35 3384 999 3441; baseline 0.002 -15.944"><span class='ocrx_word' id='word_1_374' title='bbox 35 3394 41 3425; x_wconf 68' lang='lat'>5</span> <span class='ocrx_word' id='word_1_375' title='bbox 68 3396 170 3441; x_wconf 59' lang='lat' dir='ltr'>pua</span> <span class='ocrx_word' id='word_1_376' title='bbox 186 3413 200 3434; x_wconf 87' lang='lat'>‚</span> <span class='ocrx_word' id='word_1_377' title='bbox 217 3389 256 3428; x_wconf 89' lang='lat'>&amp;</span> <span class='ocrx_word' id='word_1_378' title='bbox 272 3400 347 3441; x_wconf 88' lang='lat' dir='ltr'>pto</span> <span class='ocrx_word' id='word_1_379' title='bbox 373 3384 666 3441; x_wconf 84' lang='lat' dir='ltr'>supportandis</span> <span class='ocrx_word' id='word_1_380' title='bbox 682 3384 876 3427; x_wconf 89' lang='lat' dir='ltr'>omnibus</span> <span class='ocrx_word' id='word_1_381' title='bbox 893 3398 999 3427; x_wconf 88' lang='lat' dir='ltr'>one-</span> 
     </span>
     <span class='ocr_line' id='line_1_55' title="bbox 0 3442 997 3503; baseline 0 -18"><span class='ocrx_word' id='word_1_382' title='bbox 0 3444 22 3490; x_wconf 67' lang='grc' dir='ltr'>ι’,</span> <span class='ocrx_word' id='word_1_383' title='bbox 69 3442 179 3489; x_wconf 74' lang='lat' dir='ltr'>ribus</span> <span class='ocrx_word' id='word_1_384' title='bbox 197 3444 396 3489; x_wconf 88' lang='lat' dir='ltr'>sufficiens</span> <span class='ocrx_word' id='word_1_385' title='bbox 414 3446 646 3502; x_wconf 84' lang='lat' dir='ltr'>reputanda</span> <span class='ocrx_word' id='word_1_386' title='bbox 669 3458 742 3503; x_wconf 86' lang='lat' dir='ltr'>per</span> <span class='ocrx_word' id='word_1_387' title='bbox 760 3446 847 3488; x_wconf 85' lang='lat' dir='ltr'>Rot.</span> <span class='ocrx_word' id='word_1_388' title='bbox 864 3458 997 3487; x_wconf 86' lang='lat' dir='ltr'>coram</span> 
     </span>
    </p>
   </div>
   <div class='ocr_carea' id='block_1_3' title="bbox 0 973 96 2755">
    <p class='ocr_par' dir='ltr' id='par_1_3' title="bbox 0 973 96 2755">
     <span class='ocr_line' id='line_1_56' title="bbox 11 973 41 1021; baseline 0.067 -2"><span class='ocrx_word' id='word_1_389' title='bbox 11 973 41 1021; x_wconf 95' lang='lat' dir='ltr'>  </span> 
     </span>
     <span class='ocr_line' id='line_1_57' title="bbox 0 1021 49 1239; baseline 0 -40"><span class='ocrx_word' id='word_1_390' title='bbox 0 1021 49 1239; x_wconf 95' lang='lat' dir='ltr'>    </span> 
     </span>
     <span class='ocr_line' id='line_1_58' title="bbox 0 1239 52 1496; baseline 0 -179"><span class='ocrx_word' id='word_1_391' title='bbox 0 1239 52 1496; x_wconf 95' lang='lat' dir='ltr'>     </span> 
     </span>
     <span class='ocr_line' id='line_1_59' title="bbox 0 1496 52 1623; baseline 0 -2"><span class='ocrx_word' id='word_1_392' title='bbox 0 1496 52 1623; x_wconf 95' lang='lat' dir='ltr'>   </span> 
     </span>
     <span class='ocr_line' id='line_1_60' title="bbox 0 1623 42 1797; baseline 0 -121"><span class='ocrx_word' id='word_1_393' title='bbox 0 1623 42 1797; x_wconf 95' lang='lat' dir='ltr'>   </span> 
     </span>
     <span class='ocr_line' id='line_1_61' title="bbox 0 1797 57 1919; baseline 0 0"><span class='ocrx_word' id='word_1_394' title='bbox 0 1797 57 1919; x_wconf 95' lang='lat' dir='ltr'>  </span> 
     </span>
     <span class='ocr_line' id='line_1_62' title="bbox 0 1919 57 2111; baseline 0.088 -137"><span class='ocrx_word' id='word_1_395' title='bbox 0 1919 57 2111; x_wconf 95' lang='lat' dir='ltr'>   </span> 
     </span>
     <span class='ocr_line' id='line_1_63' title="bbox 0 2111 32 2342; baseline 0 -114"><span class='ocrx_word' id='word_1_396' title='bbox 0 2111 32 2342; x_wconf 95' lang='lat' dir='ltr'>    </span> 
     </span>
     <span class='ocr_line' id='line_1_64' title="bbox 0 2342 79 2460; baseline 0 -57"><span class='ocrx_word' id='word_1_397' title='bbox 0 2342 79 2460; x_wconf 95' lang='lat' dir='ltr'>   </span> 
     </span>
     <span class='ocr_line' id='line_1_65' title="bbox 0 2460 96 2755; baseline 0 -120"><span class='ocrx_word' id='word_1_398' title='bbox 0 2460 96 2755; x_wconf 95' lang='lat' dir='ltr'>   </span> 
     </span>
    </p>
   </div>
   <div class='ocr_carea' id='block_1_4' title="bbox 1944 190 2072 255">
    <p class='ocr_par' dir='ltr' id='par_1_4' title="bbox 1944 190 2072 255">
     <span class='ocr_line' id='line_1_66' title="bbox 1944 190 2072 255; baseline 0.008 -1"><span class='ocrx_word' id='word_1_399' title='bbox 1944 190 2072 255; x_wconf 80' lang='lat'>157</span> 
     </span>
    </p>
   </div>
   <div class='ocr_carea' id='block_1_5' title="bbox 1064 275 2070 3546">
    <p class='ocr_par' dir='ltr' id='par_1_5' title="bbox 1125 275 2070 688">
     <span class='ocr_line' id='line_1_67' title="bbox 1129 275 2070 336; baseline 0.003 -20"><span class='ocrx_word' id='word_1_400' title='bbox 1129 275 1316 331; x_wconf 79' lang='lat' dir='ltr'>Gregorio</span> <span class='ocrx_word' id='word_1_401' title='bbox 1330 276 1442 328; x_wconf 80' lang='lat' dir='ltr'>decis.</span> <span class='ocrx_word' id='word_1_402' title='bbox 1458 279 1561 329; x_wconf 87' lang='lat'><strong>483.</strong></span> <span class='ocrx_word' id='word_1_403' title='bbox 1576 292 1679 318; x_wconf 84' lang='lat' dir='ltr'>num.</span> <span class='ocrx_word' id='word_1_404' title='bbox 1698 289 1736 326; x_wconf 86' lang='lat'>5.</span> <span class='ocrx_word' id='word_1_405' title='bbox 1770 291 1981 336; x_wconf 89' lang='lat' dir='ltr'>nunquam</span> <span class='ocrx_word' id='word_1_406' title='bbox 2003 277 2070 319; x_wconf 84' lang='lat' dir='ltr'>di-</span> 
     </span>
     <span class='ocr_line' id='line_1_68' title="bbox 1130 335 2066 394; baseline 0.002 -18"><span class='ocrx_word' id='word_1_407' title='bbox 1130 337 1287 376; x_wconf 83' lang='lat' dir='ltr'>minuta</span> <span class='ocrx_word' id='word_1_408' title='bbox 1311 348 1482 391; x_wconf 83' lang='lat' dir='ltr'>apparet</span> <span class='ocrx_word' id='word_1_409' title='bbox 1508 365 1522 384; x_wconf 91' lang='lat'>,</span> <span class='ocrx_word' id='word_1_410' title='bbox 1559 350 1696 393; x_wconf 89' lang='lat' dir='ltr'>neque</span> <span class='ocrx_word' id='word_1_411' title='bbox 1728 337 1884 389; x_wconf 86' lang='lat' dir='ltr'>dejure</span> <span class='ocrx_word' id='word_1_412' title='bbox 1914 335 2066 394; x_wconf 83' lang='lat' dir='ltr'>praesu-</span> 
     </span>
     <span class='ocr_line' id='line_1_69' title="bbox 1131 395 2068 450; baseline 0.005 -16"><span class='ocrx_word' id='word_1_413' title='bbox 1131 395 1257 436; x_wconf 90' lang='lat' dir='ltr'>mitur</span> <span class='ocrx_word' id='word_1_414' title='bbox 1274 410 1287 441; x_wconf 76' lang='lat'>3</span> <span class='ocrx_word' id='word_1_415' title='bbox 1305 396 1389 437; x_wconf 77' lang='lat' dir='ltr'>imo</span> <span class='ocrx_word' id='word_1_416' title='bbox 1404 397 1544 450; x_wconf 85' lang='lat' dir='ltr'>potius</span> <span class='ocrx_word' id='word_1_417' title='bbox 1562 396 1731 437; x_wconf 61' lang='lat' dir='ltr'>adaucta</span> <span class='ocrx_word' id='word_1_418' title='bbox 1750 395 1905 438; x_wconf 89' lang='lat' dir='ltr'>censeri</span> <span class='ocrx_word' id='word_1_419' title='bbox 1922 398 2068 444; x_wconf 84' lang='lat' dir='ltr'>debet,</span> 
     </span>
     <span class='ocr_line' id='line_1_70' title="bbox 1127 455 2066 509; baseline 0.004 -15"><span class='ocrx_word' id='word_1_420' title='bbox 1127 455 1285 507; x_wconf 63' lang='lat' dir='ltr'>Barbas}</span> <span class='ocrx_word' id='word_1_421' title='bbox 1304 456 1350 495; x_wconf 86' lang='lat' dir='ltr'>de</span> <span class='ocrx_word' id='word_1_422' title='bbox 1366 455 1457 508; x_wconf 70' lang='lat' dir='ltr'>offic.</span> <span class='ocrx_word' id='word_1_423' title='bbox 1474 457 1523 498; x_wconf 77' lang='lat'>&amp;¹</span> <span class='ocrx_word' id='word_1_424' title='bbox 1535 456 1671 509; x_wconf 67' lang='lat' dir='ltr'>Potss&#39;·</span> <span class='ocrx_word' id='word_1_425' title='bbox 1700 457 1871 509; x_wconf 72' lang='lat' dir='ltr'>Epifivpi</span> <span class='ocrx_word' id='word_1_426' title='bbox 1894 468 2006 509; x_wconf 69' lang='lat' dir='ltr'>part.</span> <span class='ocrx_word' id='word_1_427' title='bbox 2026 470 2066 507; x_wconf 81' lang='lat'>3·</span> 
     </span>
     <span class='ocr_line' id='line_1_71' title="bbox 1125 513 2070 569; baseline 0.006 -16"><span class='ocrx_word' id='word_1_428' title='bbox 1125 513 1240 569; x_wconf 88' lang='lat' dir='ltr'>alleg.</span> <span class='ocrx_word' id='word_1_429' title='bbox 1260 519 1331 563; x_wconf 90' lang='lat'>67.</span> <span class='ocrx_word' id='word_1_430' title='bbox 1346 529 1448 555; x_wconf 86' lang='lat' dir='ltr'>num.</span> <span class='ocrx_word' id='word_1_431' title='bbox 1463 521 1504 555; x_wconf 88' lang='grc'>6.</span> <span class='ocrx_word' id='word_1_432' title='bbox 1525 516 1573 557; x_wconf 72' lang='lat'>&amp;⁶</span> <span class='ocrx_word' id='word_1_433' title='bbox 1596 529 1636 566; x_wconf 75' lang='lat'>7.</span> <span class='ocrx_word' id='word_1_434' title='bbox 1654 514 1702 558; x_wconf 69' lang='grc' dir='ltr'>ὠ·</span> <span class='ocrx_word' id='word_1_435' title='bbox 1730 515 1771 554; x_wconf 77' lang='lat' dir='ltr'>in</span> <span class='ocrx_word' id='word_1_436' title='bbox 1787 516 1998 557; x_wconf 65' lang='lat' dir='ltr'>collec‘zan.</span> <span class='ocrx_word' id='word_1_437' title='bbox 2015 517 2070 556; x_wconf 83' lang='lat' dir='ltr'>ad</span> 
     </span>
     <span class='ocr_line' id='line_1_72' title="bbox 1126 574 2066 632; baseline 0 -17"><span class='ocrx_word' id='word_1_438' title='bbox 1126 574 1268 616; x_wconf 80' lang='lat' dir='ltr'>Concil.</span> <span class='ocrx_word' id='word_1_439' title='bbox 1282 574 1461 617; x_wconf 77' lang='lat' dir='ltr'>Trident.</span> <span class='ocrx_word' id='word_1_440' title='bbox 1468 575 1559 632; x_wconf 76' lang='lat' dir='ltr'>seffi</span> <span class='ocrx_word' id='word_1_441' title='bbox 1578 588 1644 626; x_wconf 88' lang='lat'>24.</span> <span class='ocrx_word' id='word_1_442' title='bbox 1658 587 1741 627; x_wconf 86' lang='lat' dir='ltr'>cap.</span> <span class='ocrx_word' id='word_1_443' title='bbox 1779 586 1846 623; x_wconf 91' lang='lat'>15.</span> <span class='ocrx_word' id='word_1_444' title='bbox 1861 589 2007 615; x_wconf 82' lang='lat' dir='ltr'>numer.</span> <span class='ocrx_word' id='word_1_445' title='bbox 2023 589 2066 626; x_wconf 92' lang='grc'>4.</span> 
     </span>
     <span class='ocr_line' id='line_1_73' title="bbox 1125 635 2066 688; baseline 0.001 -15"><span class='ocrx_word' id='word_1_446' title='bbox 1125 636 1216 674; x_wconf 81' lang='lat' dir='ltr'>Rot.</span> <span class='ocrx_word' id='word_1_447' title='bbox 1235 649 1363 675; x_wconf 83' lang='lat' dir='ltr'>coram</span> <span class='ocrx_word' id='word_1_448' title='bbox 1377 635 1574 688; x_wconf 84' lang='lat' dir='ltr'>Seraphin.</span> <span class='ocrx_word' id='word_1_449' title='bbox 1591 635 1704 686; x_wconf 77' lang='lat' dir='ltr'>decifi</span> <span class='ocrx_word' id='word_1_450' title='bbox 1727 636 1853 685; x_wconf 84' lang='lat'>1385.</span> <span class='ocrx_word' id='word_1_451' title='bbox 1891 649 1993 675; x_wconf 81' lang='lat' dir='ltr'>num.</span> <span class='ocrx_word' id='word_1_452' title='bbox 2031 649 2066 674; x_wconf 92' lang='lat'>1.</span> 
     </span>
    </p>

    <p class='ocr_par' dir='ltr' id='par_1_6' title="bbox 1067 691 2067 1404">
     <span class='ocr_line' id='line_1_74' title="bbox 1067 691 2066 753; baseline 0.001 -19"><span class='ocrx_word' id='word_1_453' title='bbox 1067 693 1123 730; x_wconf 82' lang='grc'>66</span> <span class='ocrx_word' id='word_1_454' title='bbox 1137 692 1186 734; x_wconf 80' lang='lat'>&amp;¹</span> <span class='ocrx_word' id='word_1_455' title='bbox 1222 706 1259 733; x_wconf 90' lang='lat'>2.</span> <span class='ocrx_word' id='word_1_456' title='bbox 1280 696 1479 753; x_wconf 83' lang='lat' dir='ltr'>Qinimo</span> <span class='ocrx_word' id='word_1_457' title='bbox 1499 695 1551 736; x_wconf 85' lang='lat' dir='ltr'>ad</span> <span class='ocrx_word' id='word_1_458' title='bbox 1571 691 1756 737; x_wconf 56' lang='lat' dir='ltr'>effectum</span> <span class='ocrx_word' id='word_1_459' title='bbox 1775 696 1972 737; x_wconf 84' lang='lat' dir='ltr'>unionem</span> <span class='ocrx_word' id='word_1_460' title='bbox 1992 691 2066 736; x_wconf 77' lang='lat' dir='ltr'>sus.</span> 
     </span>
     <span class='ocr_line' id='line_1_75' title="bbox 1128 751 2066 811; baseline 0.001 -18"><span class='ocrx_word' id='word_1_461' title='bbox 1128 753 1293 794; x_wconf 86' lang='lat' dir='ltr'>tinendi</span> <span class='ocrx_word' id='word_1_462' title='bbox 1330 755 1483 811; x_wconf 85' lang='lat' dir='ltr'>requiri</span> <span class='ocrx_word' id='word_1_463' title='bbox 1515 751 1621 796; x_wconf 72' lang='lat' dir='ltr'>folet</span> <span class='ocrx_word' id='word_1_464' title='bbox 1651 756 1848 810; x_wconf 81' lang='lat' dir='ltr'>probatio</span> <span class='ocrx_word' id='word_1_465' title='bbox 1885 756 2066 795; x_wconf 84' lang='lat' dir='ltr'>diminu-</span> 
     </span>
     <span class='ocr_line' id='line_1_76' title="bbox 1125 812 2066 870; baseline 0.002 -17"><span class='ocrx_word' id='word_1_466' title='bbox 1125 812 1256 853; x_wconf 87' lang='lat' dir='ltr'>tionis</span> <span class='ocrx_word' id='word_1_467' title='bbox 1285 813 1405 868; x_wconf 81' lang='lat' dir='ltr'>ipfius</span> <span class='ocrx_word' id='word_1_468' title='bbox 1437 814 1550 855; x_wconf 87' lang='lat' dir='ltr'>dotis</span> <span class='ocrx_word' id='word_1_469' title='bbox 1581 816 1632 857; x_wconf 81' lang='lat' dir='ltr'>ab</span> <span class='ocrx_word' id='word_1_470' title='bbox 1661 815 1786 857; x_wconf 87' lang='lat' dir='ltr'>initio</span> <span class='ocrx_word' id='word_1_471' title='bbox 1824 813 2025 870; x_wconf 78' lang='lat' dir='ltr'>affignatae</span> <span class='ocrx_word' id='word_1_472' title='bbox 2051 842 2066 862; x_wconf 89' lang='lat'>,</span> 
     </span>
     <span class='ocr_line' id='line_1_77' title="bbox 1124 873 2065 929; baseline 0.003 -17"><span class='ocrx_word' id='word_1_473' title='bbox 1124 875 1275 912; x_wconf 79' lang='lat' dir='ltr'>Lotter.</span> <span class='ocrx_word' id='word_1_474' title='bbox 1295 875 1342 913; x_wconf 87' lang='lat' dir='ltr'>de</span> <span class='ocrx_word' id='word_1_475' title='bbox 1360 889 1402 914; x_wconf 84' lang='lat' dir='ltr'>re</span> <span class='ocrx_word' id='word_1_476' title='bbox 1418 875 1539 927; x_wconf 68' lang='lat' dir='ltr'>bencfi</span> <span class='ocrx_word' id='word_1_477' title='bbox 1554 874 1620 915; x_wconf 82' lang='lat' dir='ltr'>lib.</span> <span class='ocrx_word' id='word_1_478' title='bbox 1644 887 1681 913; x_wconf 81' lang='lat'>1·</span> <span class='ocrx_word' id='word_1_479' title='bbox 1697 873 1826 929; x_wconf 70' lang='lat' dir='ltr'><em>quaest.</em></span> <span class='ocrx_word' id='word_1_480' title='bbox 1841 876 1910 915; x_wconf 90' lang='lat'>28.</span> <span class='ocrx_word' id='word_1_481' title='bbox 1922 875 2015 915; x_wconf 88' lang='lat' dir='ltr'>nu.8</span> <span class='ocrx_word' id='word_1_482' title='bbox 2026 886 2065 923; x_wconf 88' lang='lat'>5.</span> 
     </span>
     <span class='ocr_line' id='line_1_78' title="bbox 1124 932 2067 988; baseline 0 -15"><span class='ocrx_word' id='word_1_483' title='bbox 1124 932 1289 973; x_wconf 85' lang='lat' dir='ltr'>Oldrad.</span> <span class='ocrx_word' id='word_1_484' title='bbox 1305 934 1439 988; x_wconf 82' lang='lat' dir='ltr'>Consil.</span> <span class='ocrx_word' id='word_1_485' title='bbox 1472 935 1647 986; x_wconf 82' lang='lat' dir='ltr'><em>162.sub</em></span> <span class='ocrx_word' id='word_1_486' title='bbox 1673 950 1778 975; x_wconf 83' lang='lat' dir='ltr'>num.</span> <span class='ocrx_word' id='word_1_487' title='bbox 1800 948 1837 976; x_wconf 90' lang='lat'>1.</span> <span class='ocrx_word' id='word_1_488' title='bbox 1863 934 1912 978; x_wconf 58' lang='grc' dir='ltr'>(θ’</span> <span class='ocrx_word' id='word_1_489' title='bbox 1942 934 1984 974; x_wconf 70' lang='lat' dir='ltr'>ln</span> <span class='ocrx_word' id='word_1_490' title='bbox 2000 949 2067 974; x_wconf 88' lang='lat' dir='ltr'>re-</span> 
     </span>
     <span class='ocr_line' id='line_1_79' title="bbox 1124 991 2065 1050; baseline 0.006 -20"><span class='ocrx_word' id='word_1_491' title='bbox 1124 991 1282 1031; x_wconf 82' lang='lat' dir='ltr'>centior.</span> <span class='ocrx_word' id='word_1_492' title='bbox 1301 993 1417 1046; x_wconf 76' lang='lat' dir='ltr'>decis.</span> <span class='ocrx_word' id='word_1_493' title='bbox 1440 1008 1537 1034; x_wconf 85' lang='lat'>222.</span> <span class='ocrx_word' id='word_1_494' title='bbox 1561 1009 1665 1036; x_wconf 88' lang='lat' dir='ltr'>num.</span> <span class='ocrx_word' id='word_1_495' title='bbox 1688 1007 1755 1043; x_wconf 91' lang='lat'>15.</span> <span class='ocrx_word' id='word_1_496' title='bbox 1783 1007 1872 1048; x_wconf 83' lang='lat' dir='ltr'>par.</span> <span class='ocrx_word' id='word_1_497' title='bbox 1904 1008 1944 1043; x_wconf 92' lang='lat'>9.</span> <span class='ocrx_word' id='word_1_498' title='bbox 1970 994 2065 1050; x_wconf 74' lang='lat' dir='ltr'>ciim</span> 
     </span>
     <span class='ocr_line' id='line_1_80' title="bbox 1124 1050 2066 1109; baseline 0.004 -19"><span class='ocrx_word' id='word_1_499' title='bbox 1124 1050 1227 1092; x_wconf 70' lang='lat' dir='ltr'>alias</span> <span class='ocrx_word' id='word_1_500' title='bbox 1253 1063 1303 1092; x_wconf 76' lang='lat' dir='ltr'>ex</span> <span class='ocrx_word' id='word_1_501' title='bbox 1319 1065 1372 1094; x_wconf 92' lang='lat' dir='ltr'>eo</span> <span class='ocrx_word' id='word_1_502' title='bbox 1407 1053 1523 1109; x_wconf 77' lang='lat' dir='ltr'>quod</span> <span class='ocrx_word' id='word_1_503' title='bbox 1551 1068 1642 1095; x_wconf 88' lang='lat' dir='ltr'>cum</span> <span class='ocrx_word' id='word_1_504' title='bbox 1676 1055 1789 1097; x_wconf 81' lang='lat' dir='ltr'>illius</span> <span class='ocrx_word' id='word_1_505' title='bbox 1821 1054 2066 1096; x_wconf 87' lang='lat' dir='ltr'>redditibus</span> 
     </span>
     <span class='ocr_line' id='line_1_81' title="bbox 1125 1109 2065 1161; baseline 0.004 -11"><span class='ocrx_word' id='word_1_506' title='bbox 1125 1109 1419 1153; x_wconf 78' lang='lat' dir='ltr'>Anteceffores</span> <span class='ocrx_word' id='word_1_507' title='bbox 1453 1113 1622 1156; x_wconf 70' lang='lat' dir='ltr'>honeste</span> <span class='ocrx_word' id='word_1_508' title='bbox 1654 1113 1695 1154; x_wconf 88' lang='lat' dir='ltr'>se</span> <span class='ocrx_word' id='word_1_509' title='bbox 1746 1113 2018 1154; x_wconf 84' lang='lat' dir='ltr'>sustentarunt</span> <span class='ocrx_word' id='word_1_510' title='bbox 2050 1141 2065 1161; x_wconf 92' lang='lat'>,</span> 
     </span>
     <span class='ocr_line' id='line_1_82' title="bbox 1126 1168 2065 1227; baseline 0.004 -17"><span class='ocrx_word' id='word_1_511' title='bbox 1126 1170 1278 1212; x_wconf 85' lang='lat' dir='ltr'>exinde</span> <span class='ocrx_word' id='word_1_512' title='bbox 1295 1168 1461 1213; x_wconf 80' lang='lat' dir='ltr'>exclusa</span> <span class='ocrx_word' id='word_1_513' title='bbox 1478 1169 1643 1227; x_wconf 87' lang='lat' dir='ltr'>prorsus</span> <span class='ocrx_word' id='word_1_514' title='bbox 1662 1186 1875 1214; x_wconf 87' lang='lat' dir='ltr'>remaneat</span> <span class='ocrx_word' id='word_1_515' title='bbox 1895 1174 2065 1216; x_wconf 81' lang='lat' dir='ltr'>unionis</span> 
     </span>
     <span class='ocr_line' id='line_1_83' title="bbox 1127 1229 2065 1286; baseline 0.003 -16"><span class='ocrx_word' id='word_1_516' title='bbox 1127 1229 1336 1272; x_wconf 68' lang='lat' dir='ltr'>necessitas</span> <span class='ocrx_word' id='word_1_517' title='bbox 1356 1260 1370 1279; x_wconf 88' lang='lat'>,</span> <span class='ocrx_word' id='word_1_518' title='bbox 1399 1231 1567 1272; x_wconf 85' lang='lat' dir='ltr'>oldrad.</span> <span class='ocrx_word' id='word_1_519' title='bbox 1580 1233 1704 1286; x_wconf 82' lang='lat' dir='ltr'>consil.</span> <span class='ocrx_word' id='word_1_520' title='bbox 1732 1238 1832 1283; x_wconf 87' lang='lat'><strong>263.</strong></span> <span class='ocrx_word' id='word_1_521' title='bbox 1836 1233 1925 1284; x_wconf 81' lang='lat' dir='ltr'>sub.</span> <span class='ocrx_word' id='word_1_522' title='bbox 1939 1247 2006 1272; x_wconf 87' lang='lat' dir='ltr'>nu.</span> <span class='ocrx_word' id='word_1_523' title='bbox 2027 1246 2065 1273; x_wconf 91' lang='lat'>1.</span> 
     </span>
     <span class='ocr_line' id='line_1_84' title="bbox 1124 1289 2066 1347; baseline 0.003 -17"><span class='ocrx_word' id='word_1_524' title='bbox 1124 1289 1297 1331; x_wconf 90' lang='lat' dir='ltr'>Adden.</span> <span class='ocrx_word' id='word_1_525' title='bbox 1308 1292 1364 1331; x_wconf 86' lang='lat' dir='ltr'>ad</span> <span class='ocrx_word' id='word_1_526' title='bbox 1385 1295 1548 1347; x_wconf 83' lang='lat' dir='ltr'>Gregor.</span> <span class='ocrx_word' id='word_1_527' title='bbox 1560 1291 1678 1344; x_wconf 66' lang='lat' dir='ltr'>decis:</span> <span class='ocrx_word' id='word_1_528' title='bbox 1689 1304 1789 1342; x_wconf 87' lang='lat'><strong>419.</strong></span> <span class='ocrx_word' id='word_1_529' title='bbox 1804 1306 1908 1332; x_wconf 88' lang='lat' dir='ltr'>num.</span> <span class='ocrx_word' id='word_1_530' title='bbox 1924 1297 1968 1332; x_wconf 87' lang='lat'>6.</span> <span class='ocrx_word' id='word_1_531' title='bbox 1985 1296 2066 1333; x_wconf 87' lang='lat' dir='ltr'>Ro-</span> 
     </span>
     <span class='ocr_line' id='line_1_85' title="bbox 1124 1350 1845 1404; baseline 0.001 -13"><span class='ocrx_word' id='word_1_532' title='bbox 1124 1361 1168 1391; x_wconf 85' lang='lat' dir='ltr'>ta</span> <span class='ocrx_word' id='word_1_533' title='bbox 1185 1350 1298 1403; x_wconf 75' lang='lat' dir='ltr'>decifl</span> <span class='ocrx_word' id='word_1_534' title='bbox 1318 1362 1419 1401; x_wconf 86' lang='lat'>757.</span> <span class='ocrx_word' id='word_1_535' title='bbox 1431 1363 1534 1391; x_wconf 77' lang='lat' dir='ltr'>num.</span> <span class='ocrx_word' id='word_1_536' title='bbox 1551 1364 1592 1402; x_wconf 91' lang='lat'>4.</span> <span class='ocrx_word' id='word_1_537' title='bbox 1601 1363 1692 1404; x_wconf 82' lang='lat' dir='ltr'>par.</span> <span class='ocrx_word' id='word_1_538' title='bbox 1712 1364 1754 1403; x_wconf 89' lang='lat'>3.</span> <span class='ocrx_word' id='word_1_539' title='bbox 1768 1366 1845 1392; x_wconf 83' lang='lat' dir='ltr'>rec.</span> 
     </span>
    </p>

    <p class='ocr_par' dir='ltr' id='par_1_7' title="bbox 1120 1409 2066 2188">
     <span class='ocr_line' id='line_1_86' title="bbox 1181 1409 2064 1467; baseline -0.001 -15"><span class='ocrx_word' id='word_1_540' title='bbox 1181 1411 1329 1466; x_wconf 73' lang='lat' dir='ltr'>quue</span> <span class='ocrx_word' id='word_1_541' title='bbox 1360 1409 1610 1466; x_wconf 83' lang='lat' dir='ltr'>potiffimum</span> <span class='ocrx_word' id='word_1_542' title='bbox 1637 1425 1703 1452; x_wconf 86' lang='lat' dir='ltr'>res</span> <span class='ocrx_word' id='word_1_543' title='bbox 1729 1413 1838 1453; x_wconf 84' lang='lat' dir='ltr'>clara</span> <span class='ocrx_word' id='word_1_544' title='bbox 1868 1411 2064 1467; x_wconf 86' lang='lat' dir='ltr'>procedit</span> 
     </span>
     <span class='ocr_line' id='line_1_87' title="bbox 1124 1467 2064 1528; baseline 0.003 -19"><span class='ocrx_word' id='word_1_545' title='bbox 1124 1467 1306 1524; x_wconf 66' lang='lat' dir='ltr'>inspecta</span> <span class='ocrx_word' id='word_1_546' title='bbox 1328 1484 1376 1511; x_wconf 80' lang='lat' dir='ltr'>ea</span> <span class='ocrx_word' id='word_1_547' title='bbox 1398 1468 1492 1511; x_wconf 66' lang='lat' dir='ltr'>facti</span> <span class='ocrx_word' id='word_1_548' title='bbox 1511 1471 1844 1519; x_wconf 86' lang='lat' dir='ltr'>circumstantia,</span> <span class='ocrx_word' id='word_1_549' title='bbox 1873 1472 1989 1528; x_wconf 89' lang='lat' dir='ltr'>quod</span> <span class='ocrx_word' id='word_1_550' title='bbox 2012 1485 2064 1512; x_wconf 90' lang='lat' dir='ltr'>ex</span> 
     </span>
     <span class='ocr_line' id='line_1_88' title="bbox 1123 1527 2065 1585; baseline 0.002 -15"><span class='ocrx_word' id='word_1_551' title='bbox 1123 1541 1243 1585; x_wconf 84' lang='lat' dir='ltr'>parte</span> <span class='ocrx_word' id='word_1_552' title='bbox 1274 1527 1547 1583; x_wconf 81' lang='lat' dir='ltr'>ejusdemmet</span> <span class='ocrx_word' id='word_1_553' title='bbox 1567 1531 1760 1573; x_wconf 88' lang='lat' dir='ltr'>moderni</span> <span class='ocrx_word' id='word_1_554' title='bbox 1786 1532 1946 1573; x_wconf 85' lang='lat' dir='ltr'>Decani</span> <span class='ocrx_word' id='word_1_555' title='bbox 1963 1545 2065 1585; x_wconf 89' lang='lat' dir='ltr'>pro-</span> 
     </span>
     <span class='ocr_line' id='line_1_89' title="bbox 1124 1590 2062 1639; baseline 0 -9"><span class='ocrx_word' id='word_1_556' title='bbox 1124 1590 1269 1631; x_wconf 88' lang='lat' dir='ltr'>batum</span> <span class='ocrx_word' id='word_1_557' title='bbox 1300 1591 1443 1631; x_wconf 88' lang='lat' dir='ltr'>extitit</span> <span class='ocrx_word' id='word_1_558' title='bbox 1473 1590 1700 1632; x_wconf 85' lang='lat' dir='ltr'>nonnullos</span> <span class='ocrx_word' id='word_1_559' title='bbox 1719 1605 1768 1632; x_wconf 88' lang='lat' dir='ltr'>ex</span> <span class='ocrx_word' id='word_1_560' title='bbox 1800 1592 2062 1639; x_wconf 84' lang='lat' dir='ltr'>Canonicis,</span> 
     </span>
     <span class='ocr_line' id='line_1_90' title="bbox 1121 1651 2063 1707; baseline 0.001 -17"><span class='ocrx_word' id='word_1_561' title='bbox 1121 1662 1172 1690; x_wconf 92' lang='lat' dir='ltr'>ex</span> <span class='ocrx_word' id='word_1_562' title='bbox 1190 1663 1369 1706; x_wconf 86' lang='lat' dir='ltr'>quorum</span> <span class='ocrx_word' id='word_1_563' title='bbox 1387 1663 1558 1692; x_wconf 87' lang='lat' dir='ltr'>numero</span> <span class='ocrx_word' id='word_1_564' title='bbox 1589 1651 1785 1692; x_wconf 82' lang='lat' dir='ltr'>Dacanus</span> <span class='ocrx_word' id='word_1_565' title='bbox 1805 1651 1905 1707; x_wconf 85' lang='lat' dir='ltr'>eligi</span> <span class='ocrx_word' id='word_1_566' title='bbox 1928 1651 2063 1691; x_wconf 88' lang='lat' dir='ltr'>debet</span> 
     </span>
     <span class='ocr_line' id='line_1_91' title="bbox 1120 1705 2064 1767; baseline 0 -17"><span class='ocrx_word' id='word_1_567' title='bbox 1120 1707 1300 1751; x_wconf 77' lang='lat' dir='ltr'>assecuta</span> <span class='ocrx_word' id='word_1_568' title='bbox 1332 1710 1540 1767; x_wconf 88' lang='lat' dir='ltr'>dignitate</span> <span class='ocrx_word' id='word_1_569' title='bbox 1575 1705 2064 1758; x_wconf 78' lang='lat' dir='ltr'>Decanali,Canonica-</span> 
     </span>
     <span class='ocr_line' id='line_1_92' title="bbox 1121 1770 2066 1824; baseline -0.001 -14"><span class='ocrx_word' id='word_1_570' title='bbox 1121 1781 1209 1810; x_wconf 89' lang='lat' dir='ltr'>tum</span> <span class='ocrx_word' id='word_1_571' title='bbox 1243 1770 1345 1810; x_wconf 89' lang='lat' dir='ltr'>licet</span> <span class='ocrx_word' id='word_1_572' title='bbox 1371 1784 1462 1810; x_wconf 90' lang='lat' dir='ltr'>cum</span> <span class='ocrx_word' id='word_1_573' title='bbox 1481 1770 1702 1813; x_wconf 87' lang='lat' dir='ltr'>Decanatu</span> <span class='ocrx_word' id='word_1_574' title='bbox 1723 1771 2066 1824; x_wconf 68' lang='lat' dir='ltr'>compatibilem,</span> 
     </span>
     <span class='ocr_line' id='line_1_93' title="bbox 1122 1826 2062 1883; baseline 0.002 -14"><span class='ocrx_word' id='word_1_575' title='bbox 1122 1826 1270 1883; x_wconf 75' lang='lat' dir='ltr'>sponte</span> <span class='ocrx_word' id='word_1_576' title='bbox 1293 1827 1479 1871; x_wconf 81' lang='lat' dir='ltr'>dimifisse</span> <span class='ocrx_word' id='word_1_577' title='bbox 1497 1857 1510 1877; x_wconf 83' lang='lat'>‚</span> <span class='ocrx_word' id='word_1_578' title='bbox 1539 1830 1762 1872; x_wconf 88' lang='lat' dir='ltr'>retinendo</span> <span class='ocrx_word' id='word_1_579' title='bbox 1794 1829 2062 1872; x_wconf 83' lang='lat' dir='ltr'>solummodo</span> 
     </span>
     <span class='ocr_line' id='line_1_94' title="bbox 1121 1889 2063 1944; baseline 0.002 -15"><span class='ocrx_word' id='word_1_580' title='bbox 1121 1889 1382 1930; x_wconf 82' lang='lat' dir='ltr'>Decanatum</span> <span class='ocrx_word' id='word_1_581' title='bbox 1399 1889 1452 1930; x_wconf 92' lang='lat' dir='ltr'>de</span> <span class='ocrx_word' id='word_1_582' title='bbox 1479 1889 1551 1930; x_wconf 87' lang='lat' dir='ltr'>tali</span> <span class='ocrx_word' id='word_1_583' title='bbox 1569 1890 1780 1944; x_wconf 81' lang='lat' dir='ltr'>dignitate</span> <span class='ocrx_word' id='word_1_584' title='bbox 1798 1903 2026 1932; x_wconf 86' lang='lat' dir='ltr'>contentos</span> <span class='ocrx_word' id='word_1_585' title='bbox 2049 1917 2063 1937; x_wconf 88' lang='lat'>‚</span> 
     </span>
     <span class='ocr_line' id='line_1_95' title="bbox 1120 1945 2064 2005; baseline 0.002 -16"><span class='ocrx_word' id='word_1_586' title='bbox 1120 1949 1225 1990; x_wconf 84' lang='lat' dir='ltr'>citra</span> <span class='ocrx_word' id='word_1_587' title='bbox 1252 1948 1369 2005; x_wconf 91' lang='lat' dir='ltr'>quod</span> <span class='ocrx_word' id='word_1_588' title='bbox 1393 1945 1532 1991; x_wconf 66' lang='lat' dir='ltr'>obesse</span> <span class='ocrx_word' id='word_1_589' title='bbox 1559 1948 1677 2004; x_wconf 69' lang='lat' dir='ltr'>possit</span> <span class='ocrx_word' id='word_1_590' title='bbox 1696 1978 1709 1996; x_wconf 91' lang='lat'>,</span> <span class='ocrx_word' id='word_1_591' title='bbox 1741 1949 1862 2005; x_wconf 89' lang='lat' dir='ltr'>quod·</span> <span class='ocrx_word' id='word_1_592' title='bbox 1894 1950 1950 1991; x_wconf 94' lang='lat' dir='ltr'>ob</span> <span class='ocrx_word' id='word_1_593' title='bbox 1985 1964 2064 2004; x_wconf 82' lang='lat' dir='ltr'>po-</span> 
     </span>
     <span class='ocr_line' id='line_1_96' title="bbox 1122 2007 2064 2064; baseline 0.004 -16"><span class='ocrx_word' id='word_1_594' title='bbox 1122 2009 1209 2064; x_wconf 89' lang='lat' dir='ltr'>puli</span> <span class='ocrx_word' id='word_1_595' title='bbox 1243 2009 1506 2050; x_wconf 85' lang='lat' dir='ltr'>calamitates</span> <span class='ocrx_word' id='word_1_596' title='bbox 1527 2022 1578 2050; x_wconf 89' lang='lat' dir='ltr'>ex</span> <span class='ocrx_word' id='word_1_597' title='bbox 1594 2007 1713 2051; x_wconf 84' lang='lat' dir='ltr'>causa</span> <span class='ocrx_word' id='word_1_598' title='bbox 1726 2010 1832 2051; x_wconf 79' lang='lat' dir='ltr'>Belli</span> <span class='ocrx_word' id='word_1_599' title='bbox 1851 2010 1993 2051; x_wconf 89' lang='lat' dir='ltr'>inillis</span> <span class='ocrx_word' id='word_1_600' title='bbox 2012 2008 2064 2052; x_wconf 82' lang='lat' dir='ltr'>fi-</span> 
     </span>
     <span class='ocr_line' id='line_1_97' title="bbox 1124 2068 2064 2125; baseline 0.004 -17"><span class='ocrx_word' id='word_1_601' title='bbox 1124 2068 1283 2110; x_wconf 87' lang='lat' dir='ltr'>nitimis</span> <span class='ocrx_word' id='word_1_602' title='bbox 1307 2069 1552 2123; x_wconf 83' lang='lat' dir='ltr'>reg-ionibus</span> <span class='ocrx_word' id='word_1_603' title='bbox 1577 2069 1759 2123; x_wconf 84' lang='lat' dir='ltr'>vigentis</span> <span class='ocrx_word' id='word_1_604' title='bbox 1774 2098 1786 2117; x_wconf 90' lang='lat'>,</span> <span class='ocrx_word' id='word_1_605' title='bbox 1809 2083 1893 2111; x_wconf 86' lang='lat' dir='ltr'>non</span> <span class='ocrx_word' id='word_1_606' title='bbox 1912 2083 2064 2125; x_wconf 84' lang='lat' dir='ltr'>potue-</span> 
     </span>
     <span class='ocr_line' id='line_1_98' title="bbox 1123 2129 2063 2188; baseline 0.004 -19"><span class='ocrx_word' id='word_1_607' title='bbox 1123 2129 1209 2170; x_wconf 77' lang='lat' dir='ltr'>rint</span> <span class='ocrx_word' id='word_1_608' title='bbox 1245 2141 1319 2183; x_wconf 89' lang='lat' dir='ltr'>per</span> <span class='ocrx_word' id='word_1_609' title='bbox 1339 2129 1569 2170; x_wconf 84' lang='lat' dir='ltr'>nonnullos</span> <span class='ocrx_word' id='word_1_610' title='bbox 1597 2142 1734 2170; x_wconf 85' lang='lat' dir='ltr'>annos.</span> <span class='ocrx_word' id='word_1_611' title='bbox 1765 2131 1878 2185; x_wconf 84' lang='lat' dir='ltr'>exigi</span> <span class='ocrx_word' id='word_1_612' title='bbox 1908 2132 2063 2188; x_wconf 85' lang='lat' dir='ltr'>integri</span> 
     </span>
    </p>

    <p class='ocr_par' dir='ltr' id='par_1_8' title="bbox 1064 2185 2065 2541">
     <span class='ocr_line' id='line_1_99' title="bbox 1064 2185 2065 2245; baseline 0.003 -16"><span class='ocrx_word' id='word_1_613' title='bbox 1064 2195 1118 2241; x_wconf 92' lang='lat'>67</span> <span class='ocrx_word' id='word_1_614' title='bbox 1136 2186 1356 2235; x_wconf 88' lang='lat' dir='ltr'>redditus,</span> <span class='ocrx_word' id='word_1_615' title='bbox 1383 2190 1484 2245; x_wconf 83' lang='lat' dir='ltr'>quia</span> <span class='ocrx_word' id='word_1_616' title='bbox 1514 2202 1564 2229; x_wconf 79' lang='lat' dir='ltr'>ex</span> <span class='ocrx_word' id='word_1_617' title='bbox 1596 2185 1831 2238; x_wconf 87' lang='lat' dir='ltr'>hujusmodi</span> <span class='ocrx_word' id='word_1_618' title='bbox 1864 2190 2065 2232; x_wconf 88' lang='lat' dir='ltr'>acciden-</span> 
     </span>
     <span class='ocr_line' id='line_1_100' title="bbox 1120 2248 2064 2306; baseline 0.002 -16"><span class='ocrx_word' id='word_1_619' title='bbox 1120 2248 1227 2296; x_wconf 85' lang='lat' dir='ltr'>tali,</span> <span class='ocrx_word' id='word_1_620' title='bbox 1252 2251 1294 2291; x_wconf 74' lang='grc' dir='ltr'>ὅτ.</span> <span class='ocrx_word' id='word_1_621' title='bbox 1312 2248 1538 2303; x_wconf 83' lang='lat' dir='ltr'>temporali-</span> <span class='ocrx_word' id='word_1_622' title='bbox 1563 2248 1843 2290; x_wconf 89' lang='lat' dir='ltr'>diminutione·</span> <span class='ocrx_word' id='word_1_623' title='bbox 1862 2250 1966 2292; x_wconf 88' lang='lat' dir='ltr'>nihil</span> <span class='ocrx_word' id='word_1_624' title='bbox 1983 2265 2064 2306; x_wconf 88' lang='lat' dir='ltr'>po-</span> 
     </span>
     <span class='ocr_line' id='line_1_101' title="bbox 1120 2308 2062 2364; baseline 0 -14"><span class='ocrx_word' id='word_1_625' title='bbox 1120 2309 1202 2350; x_wconf 56' lang='lat' dir='ltr'>test&gt;</span> <span class='ocrx_word' id='word_1_626' title='bbox 1226 2320 1470 2364; x_wconf 84' lang='lat' dir='ltr'>perpetuum</span> <span class='ocrx_word' id='word_1_627' title='bbox 1505 2308 1806 2355; x_wconf 83' lang='lat' dir='ltr'>determinari,</span> <span class='ocrx_word' id='word_1_628' title='bbox 1828 2310 1948 2350; x_wconf 86' lang='lat' dir='ltr'>Card.</span> <span class='ocrx_word' id='word_1_629' title='bbox 1975 2311 2062 2355; x_wconf 47' lang='lat' dir='ltr'>dg,</span> 
     </span>
     <span class='ocr_line' id='line_1_102' title="bbox 1118 2367 2063 2421; baseline 0.001 -11"><span class='ocrx_word' id='word_1_630' title='bbox 1118 2372 1211 2410; x_wconf 79' lang='lat' dir='ltr'>Luc.</span> <span class='ocrx_word' id='word_1_631' title='bbox 1226 2370 1272 2409; x_wconf 87' lang='lat' dir='ltr'>de</span> <span class='ocrx_word' id='word_1_632' title='bbox 1291 2367 1414 2421; x_wconf 63' lang='lat' dir='ltr'>benef:</span> <span class='ocrx_word' id='word_1_633' title='bbox 1435 2367 1528 2420; x_wconf 82' lang='lat' dir='ltr'>disc.</span> <span class='ocrx_word' id='word_1_634' title='bbox 1551 2380 1623 2418; x_wconf 78' lang='lat'>44.</span> <span class='ocrx_word' id='word_1_635' title='bbox 1637 2382 1742 2408; x_wconf 86' lang='lat' dir='ltr'>num.</span> <span class='ocrx_word' id='word_1_636' title='bbox 1759 2369 1797 2408; x_wconf 91' lang='lat'>8.</span> <span class='ocrx_word' id='word_1_637' title='bbox 1826 2372 1917 2410; x_wconf 88' lang='lat' dir='ltr'>Rot.</span> <span class='ocrx_word' id='word_1_638' title='bbox 1932 2384 2063 2411; x_wconf 85' lang='lat' dir='ltr'>coram</span> 
     </span>
     <span class='ocr_line' id='line_1_103' title="bbox 1116 2427 2062 2480; baseline 0.001 -10"><span class='ocrx_word' id='word_1_639' title='bbox 1116 2429 1224 2470; x_wconf 79' lang='lat' dir='ltr'>Bich.</span> <span class='ocrx_word' id='word_1_640' title='bbox 1242 2427 1354 2480; x_wconf 86' lang='lat' dir='ltr'>decis.</span> <span class='ocrx_word' id='word_1_641' title='bbox 1378 2439 1477 2475; x_wconf 82' lang='lat'>152.</span> <span class='ocrx_word' id='word_1_642' title='bbox 1491 2442 1592 2467; x_wconf 85' lang='lat' dir='ltr'>num.</span> <span class='ocrx_word' id='word_1_643' title='bbox 1625 2441 1695 2469; x_wconf 85' lang='lat'>22.</span> <span class='ocrx_word' id='word_1_644' title='bbox 1727 2432 1766 2471; x_wconf 74' lang='grc' dir='ltr'>δι</span> <span class='ocrx_word' id='word_1_645' title='bbox 1786 2429 1969 2471; x_wconf 87' lang='lat' dir='ltr'>advertit</span> <span class='ocrx_word' id='word_1_646' title='bbox 1999 2431 2062 2471; x_wconf 86' lang='lat' dir='ltr'>al-</span> 
     </span>
     <span class='ocr_line' id='line_1_104' title="bbox 1119 2486 1852 2541; baseline -0.003 -11"><span class='ocrx_word' id='word_1_647' title='bbox 1119 2501 1209 2531; x_wconf 87' lang='lat' dir='ltr'>tera</span> <span class='ocrx_word' id='word_1_648' title='bbox 1226 2501 1315 2528; x_wconf 85' lang='lat' dir='ltr'>mea</span> <span class='ocrx_word' id='word_1_649' title='bbox 1331 2488 1443 2539; x_wconf 76' lang='lat' dir='ltr'>decis</span> <span class='ocrx_word' id='word_1_650' title='bbox 1446 2487 1522 2539; x_wconf 85' lang='lat' dir='ltr'>sub</span> <span class='ocrx_word' id='word_1_651' title='bbox 1537 2491 1574 2534; x_wconf 86' lang='lat'>§.</span> <span class='ocrx_word' id='word_1_652' title='bbox 1593 2486 1852 2541; x_wconf 82' lang='lat' dir='ltr'>Neutiquam.</span> 
     </span>
    </p>

    <p class='ocr_par' dir='ltr' id='par_1_9' title="bbox 1116 2545 2062 3139">
     <span class='ocr_line' id='line_1_105' title="bbox 1175 2545 2061 2605; baseline -0.001 -15"><span class='ocrx_word' id='word_1_653' title='bbox 1175 2549 1331 2605; x_wconf 84' lang='lat' dir='ltr'>Neque</span> <span class='ocrx_word' id='word_1_654' title='bbox 1345 2545 1537 2588; x_wconf 75' lang='lat' dir='ltr'>Ecclefiae</span> <span class='ocrx_word' id='word_1_655' title='bbox 1552 2545 1762 2588; x_wconf 76' lang='lat' dir='ltr'>neceffitas</span> <span class='ocrx_word' id='word_1_656' title='bbox 1779 2549 1858 2589; x_wconf 77' lang='lat' dir='ltr'>rite</span> <span class='ocrx_word' id='word_1_657' title='bbox 1873 2548 1971 2589; x_wconf 89' lang='lat' dir='ltr'>elici</span> <span class='ocrx_word' id='word_1_658' title='bbox 1989 2563 2061 2590; x_wconf 87' lang='lat' dir='ltr'>va-</span> 
     </span>
     <span class='ocr_line' id='line_1_106' title="bbox 1117 2603 2060 2663; baseline -0.001 -14"><span class='ocrx_word' id='word_1_659' title='bbox 1117 2608 1177 2650; x_wconf 92' lang='lat' dir='ltr'>let</span> <span class='ocrx_word' id='word_1_660' title='bbox 1194 2622 1244 2649; x_wconf 90' lang='lat' dir='ltr'>ex</span> <span class='ocrx_word' id='word_1_661' title='bbox 1269 2622 1321 2649; x_wconf 91' lang='lat' dir='ltr'>eo</span> <span class='ocrx_word' id='word_1_662' title='bbox 1338 2635 1352 2655; x_wconf 94' lang='lat'>,</span> <span class='ocrx_word' id='word_1_663' title='bbox 1367 2607 1484 2663; x_wconf 93' lang='lat' dir='ltr'>quod</span> <span class='ocrx_word' id='word_1_664' title='bbox 1506 2603 1577 2647; x_wconf 90' lang='lat' dir='ltr'>sub</span> <span class='ocrx_word' id='word_1_665' title='bbox 1592 2607 1718 2648; x_wconf 86' lang='lat' dir='ltr'>initio</span> <span class='ocrx_word' id='word_1_666' title='bbox 1731 2609 1908 2649; x_wconf 68' lang='lat' dir='ltr'>anteaffi</span> <span class='ocrx_word' id='word_1_667' title='bbox 1922 2605 2060 2650; x_wconf 68' lang='lat' dir='ltr'>sae‘culi</span> 
     </span>
     <span class='ocr_line' id='line_1_107' title="bbox 1116 2667 2062 2724; baseline -0.001 -14"><span class='ocrx_word' id='word_1_668' title='bbox 1116 2667 1336 2724; x_wconf 83' lang='lat' dir='ltr'>repudiata</span> <span class='ocrx_word' id='word_1_669' title='bbox 1368 2667 1557 2707; x_wconf 83' lang='lat' dir='ltr'>extiterit</span> <span class='ocrx_word' id='word_1_670' title='bbox 1579 2667 1727 2707; x_wconf 82' lang='lat' dir='ltr'>eadem</span> <span class='ocrx_word' id='word_1_671' title='bbox 1759 2668 1942 2722; x_wconf 79' lang='lat' dir='ltr'>dignitas</span> <span class='ocrx_word' id='word_1_672' title='bbox 1972 2668 2062 2709; x_wconf 88' lang='lat' dir='ltr'>De-</span> 
     </span>
     <span class='ocr_line' id='line_1_108' title="bbox 1118 2722 2060 2781; baseline -0.001 -11"><span class='ocrx_word' id='word_1_673' title='bbox 1118 2728 1291 2775; x_wconf 65' lang='lat' dir='ltr'>canalss,</span> <span class='ocrx_word' id='word_1_674' title='bbox 1309 2730 1344 2768; x_wconf 74' lang='grc' dir='ltr'>δι</span> <span class='ocrx_word' id='word_1_675' title='bbox 1364 2722 1548 2767; x_wconf 82' lang='lat' dir='ltr'>recusata</span> <span class='ocrx_word' id='word_1_676' title='bbox 1565 2723 1691 2766; x_wconf 87' lang='lat' dir='ltr'>fuerit</span> <span class='ocrx_word' id='word_1_677' title='bbox 1710 2729 1949 2781; x_wconf 86' lang='lat' dir='ltr'>acceptatio</span> <span class='ocrx_word' id='word_1_678' title='bbox 1968 2727 2060 2769; x_wconf 91' lang='lat' dir='ltr'>ele-</span> 
     </span>
     <span class='ocr_line' id='line_1_109' title="bbox 1116 2783 2058 2839; baseline -0.002 -9"><span class='ocrx_word' id='word_1_679' title='bbox 1116 2788 1266 2830; x_wconf 63' lang='lat' dir='ltr'>&amp;ionis</span> <span class='ocrx_word' id='word_1_680' title='bbox 1297 2786 1352 2828; x_wconf 91' lang='lat' dir='ltr'>ob</span> <span class='ocrx_word' id='word_1_681' title='bbox 1386 2783 1569 2839; x_wconf 86' lang='lat' dir='ltr'>sumptus</span> <span class='ocrx_word' id='word_1_682' title='bbox 1607 2787 1968 2828; x_wconf 82' lang='lat' dir='ltr'>extraordinarios</span> <span class='ocrx_word' id='word_1_683' title='bbox 1986 2788 2058 2828; x_wconf 71' lang='lat' dir='ltr'>im</span> 
     </span>
     <span class='ocr_line' id='line_1_110' title="bbox 1116 2843 2060 2901; baseline 0 -11"><span class='ocrx_word' id='word_1_684' title='bbox 1116 2847 1326 2890; x_wconf 85' lang='lat' dir='ltr'>conviviis</span> <span class='ocrx_word' id='word_1_685' title='bbox 1358 2859 1429 2900; x_wconf 83' lang='lat' dir='ltr'>per</span> <span class='ocrx_word' id='word_1_686' title='bbox 1448 2847 1662 2886; x_wconf 89' lang='lat' dir='ltr'>Decanum</span> <span class='ocrx_word' id='word_1_687' title='bbox 1692 2843 1794 2901; x_wconf 78' lang='lat' dir='ltr'>saepe</span> <span class='ocrx_word' id='word_1_688' title='bbox 1815 2843 1957 2901; x_wconf 73' lang='lat' dir='ltr'>saepius</span> <span class='ocrx_word' id='word_1_689' title='bbox 1986 2862 2060 2890; x_wconf 89' lang='lat' dir='ltr'>ce-</span> 
     </span>
     <span class='ocr_line' id='line_1_111' title="bbox 1118 2903 2060 2961; baseline -0.002 -12"><span class='ocrx_word' id='word_1_690' title='bbox 1118 2907 1275 2949; x_wconf 78' lang='lat' dir='ltr'>lebrari</span> <span class='ocrx_word' id='word_1_691' title='bbox 1291 2903 1456 2946; x_wconf 78' lang='lat' dir='ltr'>assuetis</span> <span class='ocrx_word' id='word_1_692' title='bbox 1474 2933 1491 2952; x_wconf 74' lang='lat'>,.</span> <span class='ocrx_word' id='word_1_693' title='bbox 1507 2909 1544 2946; x_wconf 89' lang='lat'>&amp;</span> <span class='ocrx_word' id='word_1_694' title='bbox 1564 2906 1639 2946; x_wconf 86' lang='lat' dir='ltr'>hac</span> <span class='ocrx_word' id='word_1_695' title='bbox 1653 2903 1704 2945; x_wconf 90' lang='lat' dir='ltr'>de</span> <span class='ocrx_word' id='word_1_696' title='bbox 1726 2903 1845 2947; x_wconf 83' lang='lat' dir='ltr'>causa</span> <span class='ocrx_word' id='word_1_697' title='bbox 1862 2906 1951 2961; x_wconf 86' lang='lat' dir='ltr'>post</span> <span class='ocrx_word' id='word_1_698' title='bbox 1967 2904 2060 2950; x_wconf 88' lang='lat' dir='ltr'>sub-</span> 
     </span>
     <span class='ocr_line' id='line_1_112' title="bbox 1122 2964 2059 3011; baseline -0.001 -3"><span class='ocrx_word' id='word_1_699' title='bbox 1122 2964 1303 3008; x_wconf 84' lang='lat' dir='ltr'>secutam</span> <span class='ocrx_word' id='word_1_700' title='bbox 1334 2966 1533 3007; x_wconf 87' lang='lat' dir='ltr'>unionem</span> <span class='ocrx_word' id='word_1_701' title='bbox 1564 2965 1688 3006; x_wconf 89' lang='lat' dir='ltr'>unius</span> <span class='ocrx_word' id='word_1_702' title='bbox 1715 2964 1912 3008; x_wconf 82' lang='lat' dir='ltr'>beneficii</span> <span class='ocrx_word' id='word_1_703' title='bbox 1943 2967 2059 3011; x_wconf 82' lang='lat' dir='ltr'>valo.-</span> 
     </span>
     <span class='ocr_line' id='line_1_113' title="bbox 1121 3022 2059 3079; baseline 0 -10"><span class='ocrx_word' id='word_1_704' title='bbox 1121 3029 1178 3068; x_wconf 88' lang='lat' dir='ltr'>ris</span> <span class='ocrx_word' id='word_1_705' title='bbox 1212 3025 1453 3068; x_wconf 87' lang='lat' dir='ltr'>modiorum·</span> <span class='ocrx_word' id='word_1_706' title='bbox 1479 3037 1546 3074; x_wconf 84' lang='lat'>55.</span> <span class='ocrx_word' id='word_1_707' title='bbox 1572 3022 1738 3079; x_wconf 80' lang='lat' dir='ltr'>speltae,</span> <span class='ocrx_word' id='word_1_708' title='bbox 1759 3029 1798 3068; x_wconf 76' lang='grc' dir='ltr'>δε</span> <span class='ocrx_word' id='word_1_709' title='bbox 1830 3025 1883 3068; x_wconf 84' lang='lat' dir='ltr'>sic</span> <span class='ocrx_word' id='word_1_710' title='bbox 1917 3025 2059 3076; x_wconf 50' lang='lat' dir='ltr'>juxta„</span> 
     </span>
     <span class='ocr_line' id='line_1_114' title="bbox 1123 3085 2056 3139; baseline 0 -11"><span class='ocrx_word' id='word_1_711' title='bbox 1123 3087 1331 3130; x_wconf 86' lang='lat' dir='ltr'>notoriam</span> <span class='ocrx_word' id='word_1_712' title='bbox 1350 3085 1531 3126; x_wconf 75' lang='lat' dir='ltr'>Datariae</span> <span class='ocrx_word' id='word_1_713' title='bbox 1546 3085 1701 3139; x_wconf 82' lang='lat' dir='ltr'>praxim</span> <span class='ocrx_word' id='word_1_714' title='bbox 1722 3085 1972 3130; x_wconf 86' lang='lat' dir='ltr'>duca-torum</span> <span class='ocrx_word' id='word_1_715' title='bbox 1988 3099 2056 3138; x_wconf 85' lang='lat'>55.</span> 
     </span>
    </p>

    <p class='ocr_par' dir='ltr' id='par_1_10' title="bbox 1079 3144 2058 3546">
     <span class='ocr_line' id='line_1_115' title="bbox 1079 3144 2056 3199; baseline -0.001 -11"><span class='ocrx_word' id='word_1_716' title='bbox 1079 3165 1086 3170; x_wconf 95' lang='lat'><em>·</em></span> <span class='ocrx_word' id='word_1_717' title='bbox 1119 3148 1207 3188; x_wconf 88' lang='lat' dir='ltr'>auri</span> <span class='ocrx_word' id='word_1_718' title='bbox 1225 3147 1278 3188; x_wconf 90' lang='lat' dir='ltr'>dc</span> <span class='ocrx_word' id='word_1_719' title='bbox 1296 3144 1783 3199; x_wconf 80' lang='lat' dir='ltr'>Camera,capitulariter</span> <span class='ocrx_word' id='word_1_720' title='bbox 1802 3159 1911 3190; x_wconf 85' lang='lat' dir='ltr'>anno</span> <span class='ocrx_word' id='word_1_721' title='bbox 1930 3153 2056 3188; x_wconf 86' lang='lat'>1606.</span> 
     </span>
     <span class='ocr_line' id='line_1_116' title="bbox 1118 3203 2057 3260; baseline 0 -11"><span class='ocrx_word' id='word_1_722' title='bbox 1118 3208 1350 3249; x_wconf 87' lang='lat' dir='ltr'>Decretum</span> <span class='ocrx_word' id='word_1_723' title='bbox 1382 3203 1507 3245; x_wconf 86' lang='lat' dir='ltr'>fuerit</span> <span class='ocrx_word' id='word_1_724' title='bbox 1528 3231 1542 3251; x_wconf 86' lang='lat'>‚</span> <span class='ocrx_word' id='word_1_725' title='bbox 1575 3203 1693 3260; x_wconf 84' lang='lat' dir='ltr'>quod</span> <span class='ocrx_word' id='word_1_726' title='bbox 1726 3205 1922 3247; x_wconf 84' lang='lat' dir='ltr'>Decanus</span> <span class='ocrx_word' id='word_1_727' title='bbox 1955 3220 2057 3249; x_wconf 87' lang='lat' dir='ltr'>tunc</span> 
     </span>
     <span class='ocr_line' id='line_1_117' title="bbox 1121 3260 2056 3316; baseline 0 -8"><span class='ocrx_word' id='word_1_728' title='bbox 1121 3268 1276 3308; x_wconf 72' lang='lat' dir='ltr'>electus</span> <span class='ocrx_word' id='word_1_729' title='bbox 1301 3265 1580 3316; x_wconf 87' lang='lat' dir='ltr'>juramentum</span> <span class='ocrx_word' id='word_1_730' title='bbox 1609 3260 1746 3306; x_wconf 89' lang='lat' dir='ltr'>subire</span> <span class='ocrx_word' id='word_1_731' title='bbox 1779 3265 1953 3308; x_wconf 89' lang='lat' dir='ltr'>deberet</span> <span class='ocrx_word' id='word_1_732' title='bbox 1980 3267 2056 3308; x_wconf 66' lang='lat' dir='ltr'>dea</span> 
     </span>
     <span class='ocr_line' id='line_1_118' title="bbox 1121 3323 2058 3382; baseline 0.001 -16"><span class='ocrx_word' id='word_1_733' title='bbox 1121 3324 1384 3382; x_wconf 78' lang='lat' dir='ltr'>procuranda</span> <span class='ocrx_word' id='word_1_734' title='bbox 1402 3324 1556 3365; x_wconf 83' lang='lat' dir='ltr'>unione</span> <span class='ocrx_word' id='word_1_735' title='bbox 1594 3323 1770 3366; x_wconf 88' lang='lat' dir='ltr'>duorum</span> <span class='ocrx_word' id='word_1_736' title='bbox 1788 3326 1964 3368; x_wconf 83' lang='lat' dir='ltr'>aliorum</span> <span class='ocrx_word' id='word_1_737' title='bbox 1981 3327 2058 3367; x_wconf 91' lang='lat' dir='ltr'>be-</span> 
     </span>
     <span class='ocr_line' id='line_1_119' title="bbox 1118 3384 2057 3428; baseline 0 -1"><span class='ocrx_word' id='word_1_738' title='bbox 1118 3384 1361 3428; x_wconf 82' lang='lat' dir='ltr'>neficiorum</span> <span class='ocrx_word' id='word_1_739' title='bbox 1380 3384 1538 3425; x_wconf 79' lang='lat' dir='ltr'>valoris</span> <span class='ocrx_word' id='word_1_740' title='bbox 1555 3384 1607 3425; x_wconf 84' lang='lat' dir='ltr'>ad</span> <span class='ocrx_word' id='word_1_741' title='bbox 1635 3385 1770 3426; x_wconf 83' lang='lat' dir='ltr'>minus</span> <span class='ocrx_word' id='word_1_742' title='bbox 1788 3385 2057 3428; x_wconf 64' lang='lat' dir='ltr'>modiorum-r</span> 
     </span>
     <span class='ocr_line' id='line_1_120' title="bbox 1119 3443 2057 3546; baseline -0.001 -60"><span class='ocrx_word' id='word_1_743' title='bbox 1119 3460 1188 3500; x_wconf 89' lang='lat'>30.</span> <span class='ocrx_word' id='word_1_744' title='bbox 1217 3459 1295 3503; x_wconf 86' lang='lat' dir='ltr'>pro</span> <span class='ocrx_word' id='word_1_745' title='bbox 1325 3443 1524 3502; x_wconf 86' lang='lat' dir='ltr'>quolibet</span> <span class='ocrx_word' id='word_1_746' title='bbox 1540 3444 1590 3486; x_wconf 85' lang='lat' dir='ltr'>ab</span> <span class='ocrx_word' id='word_1_747' title='bbox 1609 3445 1836 3489; x_wconf 81' lang='lat' dir='ltr'>Ordinatio</span> <span class='ocrx_word' id='word_1_748' title='bbox 1853 3474 1866 3495; x_wconf 86' lang='lat'>‚</span> <span class='ocrx_word' id='word_1_749' title='bbox 1882 3449 2057 3546; x_wconf 75' lang='lat' dir='ltr'>&amp;ficon-</span> 
     </span>
    </p>

    <p class='ocr_par' dir='ltr' id='par_1_11' title="bbox 1951 3519 2058 3546">
     <span class='ocr_line' id='line_1_121' title="bbox 1951 3519 2058 3546; baseline 0.009 -1"><span class='ocrx_word' id='word_1_750' title='bbox 1951 3519 2058 3546; x_wconf 84' lang='lat' dir='ltr'>rma-</span> 
     </span>
    </p>
   </div>
  </div>
 </body>
</html>
