2392 3736
590 124 694 185 De
706 123 1230 210 Jurepatronatus
1263 120 1397 186 Par.
1424 123 1526 190 VI.

101 219 150 262 ab
164 211 344 267 intestato
350 211 615 266 fueritsorori
628 223 704 253 tuae
720 212 902 252 ulmum
915 216 958 252 in
972 217 1046 252 Co-

105 276 248 321 dicills's
264 301 279 323 ‚
310 271 360 315 ὰ
382 272 634 328 posteaquam
664 272 747 312 dies
765 271 1052 327 fideicommiffi

106 337 206 395 ceffi't
222 363 238 387 ,
269 335 383 375 rebus
397 333 576 375 humanis
592 361 606 381 ,
631 331 722 372 licit
735 330 918 386 ignorans
918 331 1045 384 fidei-

105 395 328 454 commiffum
340 420 355 441 ‚
401 393 604 451 excffrit
619 420 633 440 ,
678 390 868 432 amonem
910 391 1044 442 hujus-

104 455 211 500 modi
234 452 389 508 acquin·
397 452 560 510 potuiffe
586 451 816 508 diffimulare
848 465 922 491 non
929 460 1044 503 pote-

105 519 165 560 ris
191 515 275 559 &a
309 525 352 558 .·-.·
382 517 423 556 δι
448 514 556 556 hanc
584 509 864 555 differentiam
893 521 1042 552 notant

104 574 219 635 Gloffi
230 575 273 616 in
288 573 398 629 Lfin.
412 573 470 614 ad
469 573 550 628 fin.
578 572 669 615 eod.
687 572 734 612 de
750 573 889 613 Curat.
894 569 1042 623 furios:

104 639 223 679 Bart.
244 634 295 678 ό·
311 633 405 694 ‘Just
418 633 459 674 in
473 634 501 673 Ι.
512 631 555 672 Si
564 632 790 688 adrogator.
813 645 832 671 2
845 644 882 670 2.
886 629 939 688 ff
954 631 1043 674 de,

104 694 301 750 adoption.
324 693 447 737 Pinel.
461 692 539 733 inl.
559 703 739 746 1.par.1.
754 705 857 731 num.
863 705 884 743 3
893 689 1037 731 6.c0d.

104 757 152 798 de
168 758 263 797 Bon.
276 765 447 797 matem-
474 752 614 793 Claud.
631 751 781 806 chiflet-
795 750 836 790 in
852 751 978 792 trabi.
993 750 1042 791 de

4 811 5 814 ¹
92 814 332 873 fideicomm.
345 819 474 867 cap.'9.
487 811 629 855 Soccin.
637 812 725 862 jun.
741 822 823 864 cap.
843 823 939 861 150.
956 822 1042 861 παι..

103 876 219 918 lib-2.
233 874 479 930 Giovagnon.
490 871 650 926 respons.
672 873 744 922 78.
754 884 819 911 nu.
839 883 859 909 2
871 883 910 910 2.
923 869 1042 910 Sur-d.

105 936 202 989 cons.
221 946 318 987 341.
334 947 399 976 nu.
419 945 459 984 5.
470 933 601 984 cajac.
614 930 851 985 inpar-ariol.
868 930 958 972 Cod.
972 930 1042 971 tit.

105 995 259 1052 quando
274 993 356 1035 dies
367 992 486 1050 legat.
503 991 574 1033 vel
568 991 807 1045 fideicomm.
823 991 904 1031 ced.
922 990 980 1031 ibi
999 1001 1041 1033 τ..-

107 1061 190 1100 Nec
205 1053 315 1110 exigi
319 1052 531 1106 scientiam
544 1079 558 1099 ‚
587 1064 655 1092 nec
669 1051 904 1107 agnitionem
918 1054 1042 1106 Lega-

105 1113 222 1162 tarii,
237 1126 305 1155 nec
321 1111 573 1154 traditionem
585 1110 645 1151 rei
659 1111 795 1167 legate
810 1110 895 1153 &a
913 1123 955 1155 ,·-.·.
968 1113 1044 1151 Go-

106 1188 198 1216 mez
211 1174 252 1215 in
266 1173 293 1214 l.
308 1172 348 1215 T
341 1171 433 1214 auri
449 1184 468 1222 5
478 1185 520 1224 3.
531 1183 709 1220 num-79.
723 1170 902 1213 Menocb.
917 1169 984 1211 lib.
1000 1180 1043 1218 4.

100 1234 320 1289 presumpt.
328 1246 346 1272 2
356 1246 380 1282 9
392 1245 426 1274 1.
440 1246 503 1274 nu.
513 1244 528 1271 1
540 1244 579 1271 a.
593 1233 754 1271 Cancer.
761 1242 852 1285 par.
857 1241 896 1280 3.
912 1229 979 1270 tit.
994 1229 1043 1269 de

16 1338 17 1341 Ἴ
106 1292 376 1350 transmiffi'on.
385 1297 487 1333 ΜΛ
500 1304 564 1332 12.
580 1289 777 1346 Peregrin.
790 1288 1045 1344 defideicom.

16 1399 21 1453 ἕ
47 1367 74 1405 7
105 1415 190 1457 hoc
208 1410 400 1468 procedit
413 1409 456 1451 in
472 1406 791 1451 fideicommiffis
816 1420 901 1451 tam
915 1410 1047 1465 parti-

0 1478 22 1523 ,ἶ
105 1472 317 1517 talaribus
334 1497 349 1518 ‚
371 1468 499 1526 quam
516 1466 820 1511 universalibus
838 1496 852 1516 ,
878 1472 918 1510 &
935 1468 1046 1511 reste

3 1534 24 1583 2!
106 1530 278 1591 quidem
323 1528 508 1584 explicat
539 1529 746 1570 rationem
780 1525 1045 1576 differentiae,

0 1589 25 1641 53
99 1589 411 1635 tui-haereditas
443 1588 545 1644 pure
568 1588 711 1629 delata
736 1600 821 1630 non
836 1586 1046 1630 transmit-

7 1634 27 1690 *ἶ
104 1661 234 1699 tatur,
252 1647 323 1690 nifi
339 1647 465 1690 fuerit
481 1649 622 1705 agnita
642 1647 793 1690 :Secizs
809 1648 912 1690 vero
927 1647 1046 1689 fidei-

13 1703 28 1753 i
105 1704 380 1755 commiffum,
398 1708 516 1764 quod
534 1720 618 1749 non
633 1708 845 1762 agnitum,
855 1720 934 1749 nec
949 1719 1046 1750 ver-

25 1766 29 1812 3,
105 1770 166 1813 bo
184 1769 416 1810 restitutum
433 1795 447 1816 ,
465 1766 517 1808 ad
535 1766 720 1808 haeredes
737 1760 1045 1810 transmittitur:

26 1826 31 1842 '
106 1829 219 1883 Qia
235 1828 428 1870 nimirum
443 1826 573 1868 haeres
588 1838 813 1883 antequam
831 1827 1047 1870 haeredita-

30 1914 32 1933 ;
104 1899 194 1931 tem
211 1889 336 1930 adeat
350 1914 364 1935 ,
381 1886 540 1931 nullum
554 1885 618 1938 jus
635 1886 814 1943 acquirit
828 1915 842 1934 ,
869 1886 1048 1929 nullam-

31 1985 33 1990 ,
107 1961 194 2006 que
210 1949 339 1989 habet
356 1947 585 1993 astionem,
603 1945 702 1988 ideo
720 1946 825 1988 nihil
839 1946 910 1994 est,
929 1945 1048 2004 quod

31 2002 35 2058 ἶ
106 2005 392 2050 transmittere
408 2005 537 2062 poffir:
548 2004 964 2048 Fideicommiisarius
976 2020 1050 2051 ve.

33 2077 37 2116 ς
106 2069 157 2110 τὸ
171 2067 322 2114 statim,
335 2079 386 2108 ac
399 2066 492 2107 dies
506 2064 604 2106 fidei
623 2063 819 2107 commiffi
837 2066 965 2114 cedit,
980 2079 1048 2108 ac·

35 2125 37 2182 f
108 2128 241 2184 quirit
253 2124 728 2178 aaionemfiveJudicis
742 2123 1048 2183 officium‚quo,

34 2183 39 2234 i
107 2185 136 2229 fi
159 2186 264 2229 velit
279 2213 293 2234 ,
322 2184 458 2242 potest
478 2183 687 2227 haeredem
716 2198 871 2239 cogere
897 2186 948 2227 ad
975 2184 1047 2227 fibi

37 2282 41 2301 ,
106 2245 366 2288 reddendam
393 2244 680 2287 haereditatem
724 2243 752 2284 Ι.
778 2243 869 2300 Cogi
896 2244 1047 2299 poterit

38 2315 43 2350 ς
94 2305 149 2363 βξ
163 2307 221 2347 ad
231 2307 316 2347 S.c.
327 2303 491 2348 Trebell.
508 2306 546 2346 &
563 2303 667 2345 hanc
679 2304 883 2347 astionem
900 2304 952 2345 ad
969 2305 1049 2346 hae-

40 2368 45 2413 Α
106 2364 231 2407 tedes
246 2363 486 2407 transmittit
499 2363 611 2403 detra
624 2362 653 2403 l.
667 2363 759 2418 Cogi
772 2367 812 2409 §-
827 2362 931 2404 Idem
949 2367 1049 2406 Mae,

23 2423 46 2484 Q}
105 2425 258 2473 cianus,
273 2423 324 2467 ό·
336 2425 363 2465 1.
378 2423 553 2483 Qidem
568 2435 587 2461 2
599 2434 637 2471 5.
653 2422 718 2463 ubi
735 2428 826 2464 DD.
829 2421 882 2479 ff
896 2424 951 2463 ad
961 2427 1047 2468 S.c.

26 2490 49 2599 {z
93 2484 333 2596 ΞΜ
358 2481 1049 2587 Ἇεεεμῐςεςεςίσεεηεοειῖῑς

28 2608 50 2656 {j
109 2601 321 2650 transeunt
338 2601 391 2644 ad
407 2601 594 2644 haeredes
610 2629 623 2649 ,
647 2613 775 2657 prout
787 2602 910 2645 etiam
927 2604 1048 2655 Iudi-

30 2682 52 2721 g
110 2663 172 2704 cis
185 2661 363 2705 officium
394 2662 421 2702 l.
436 2665 595 2703 Veteres
620 2662 712 2703 Cod.
729 2661 774 2701 de
789 2663 1048 2715 contrah.sti-

29 2727 53 2762 ὲ»
102 2722 234 2776 palat.
261 2722 289 2762 Ι.
313 2734 349 2762 1.
367 2721 416 2764 ὰ
427 2731 502 2764 tot.
516 2721 583 2763 tit.
602 2722 693 2762 Cod.
707 2722 754 2761 de
769 2721 914 2764 aHion.
930 2722 1049 2765 haere-

34 2780 53 2836 2¹
108 2781 236 2823 ditas.
262 2781 289 2821 l.
307 2786 396 2824 Non
415 2781 547 2834 sbliem
567 2780 617 2838 ff
631 2781 679 2822 de
705 2780 852 2837 integr.
878 2781 1048 2832 restitut·

35 2843 57 2896 ξρ
108 2841 138 2883 1.
162 2841 364 2882 Har-edem
383 2851 451 2889 59.
468 2839 517 2884 eb·
532 2841 559 2882 Ι.
577 2841 801 2882 Haereditas
817 2846 888 2882 62.
893 2841 946 2898 ff
963 2844 1048 2888 dg,

37 2894 58 2954 ξι
108 2902 295 2959 reg-71⁴7.
307 2900 334 2941 Ι.
351 2900 462 2943 Nihil
468 2900 589 2942 aliud.
610 2913 677 2951 24.
682 2900 732 2958 ff
749 2901 795 2941 de
810 2902 924 2942 verb.
925 2901 1050 2958 figni-

38 2956 61 3056 ἐξ
97 2961 221 3016 ficar.
251 2961 280 3001 Ι.
296 2963 432 3000 Hares
453 2973 523 3013 37.
539 2960 591 3018 ff.
609 2962 656 3002 de
684 2961 836 3017 acquir.
873 2961 1049 3006 haeredit.

43 3018 62 3075 ri
110 3021 315 3076 Peregrin.
327 3019 396 3061 loc.
409 3019 477 3061 cit.
492 3032 563 3071 n.4

42 3072 78 3131 233
167 3082 262 3136 Qa
274 3080 437 3122 ratione
448 3079 688 3124 confutatur
700 3083 845 3125 ultima
861 3096 955 3140 pars
971 3083 1050 3126 ob-

43 3130 52 3198 }
108 3138 205 3192 jeai
220 3167 234 3188 ,
249 3139 368 3198 quod
385 3140 535 3196 nempe
549 3141 793 3199 Legatarius
808 3172 822 3192 ,
847 3143 944 3184 dum
963 3157 1048 3187 non

44 3196 68 3245 ii
109 3201 274 3242 cutavit
299 3199 500 3242 obtinere
535 3199 793 3245 necessariam
824 3202 1050 3245 confirma·-

46 3255 54 3296 ἰ
110 3258 272 3303 tionem
288 3259 422 3315 legati
451 3260 504 3302 ab
522 3261 749 3304 Ordinatio
781 3262 967 3320 legatum
984 3276 1051 3305 rc-

63 3282 70 3367 ξ
109 3317 254 3361 mansit
269 3319 420 3362 inutile
435 3346 450 3367 ,
466 3323 507 3363 δε
524 3320 683 3362 nullum
701 3321 764 3373 jus
780 3323 822 3363 in
839 3336 893 3364 eo
907 3321 1050 3379 quaefi-

0 3399 1 3412 2
52 3377 71 3416 ,Ι
110 3378 192 3426 vit,
205 3377 392 3434 ideoque
405 3380 563 3423 nullum
578 3380 704 3426 etiam
715 3379 779 3433 jus
796 3382 848 3425 ad
863 3382 1050 3426 haeredes

167 3441 271 3481 Pars
286 3440 352 3481 VI.

102 1365 190 1402 art.
212 1366 233 1405 3
246 1352 362 1405 1.sub
378 1362 462 1391 n.2.
478 1350 603 1405 infin.
621 1348 670 1391 ὼ·
686 1349 817 1404 n-seq.
833 1350 904 1390 ubi
923 1348 1047 1406 quod
1073 1400 1079 1404 ι

1107 1179 1134 1218 9

1169 211 1389 254 transmifit
1408 241 1419 252 .
1439 211 1655 269 Siquidem
1672 212 1754 256 {ine
1770 210 1922 257 assensu
1935 208 2109 269 Episco-

1168 273 1212 326 pi
1226 273 1412 326 legatum
1427 270 1508 313 fuit
1523 272 1694 328 quidem
1712 273 1901 316 inefficax
1918 273 1969 315 ad
1981 272 2108 317 tranfi-

1166 329 1386 372 ferendum
1405 330 1653 379 dominium,
1665 334 1782 388 quod
1797 334 1900 376 alias
1914 338 2025 376 reeta
2039 335 2108 375 via

1168 386 1383 432 transiisset
1410 389 1453 431 in
1470 390 1736 445 Legatarium
1757 393 1785 432 l.
1799 398 1990 449 Legatum
1997 393 2049 450 ff
2059 394 2107 433 de

1168 450 1288 506 legat.
1309 463 1348 491 2.
1375 449 1402 489 l.
1418 449 1558 491 dTitio
1565 448 1616 505 ff
1628 450 1790 502 defun.
1820 450 1892 494 sed
1922 467 2006 494 non
2037 467 2107 494 rc-

1168 509 1311 552 manfit
1327 510 1502 552 omnino
1519 508 1669 551 inutile
1694 521 1905 567 tamquam
1922 511 1949 553 fi
1965 513 2108 554 Testa-

1167 582 1237 612 tor
1250 570 1354 613 nihil
1369 567 1535 627 egisset,
1560 580 1632 609 aut
1649 567 1851 621 ejusmodi
1872 570 2018 627 legato
2034 572 2106 613 lex

1168 630 1396 672 resisteret:
1425 629 1536 684 Qia
1557 629 1627 670 lex
1659 642 1745 671 non
1761 631 1899 671 irritat
1913 628 2107 672 absolute

1166 688 1516 746 jurispatronatus
1530 689 1716 744 legatum
1732 717 1748 737 ,
1769 686 1838 731 sed
1855 689 2108 732 tantumim-

1167 750 1286 806 pedit
1302 749 1477 792 dominii
1492 749 1809 791 translationem
1824 777 1838 797 ,
1852 749 1991 791 donec
2007 749 2109 804 Epi-

1168 807 1318 866 scopus
1334 806 1571 852 affentiatur
1585 836 1600 857 ,
1628 822 1679 852 ne
1694 810 1798 866 quid
1814 808 2111 852 simoniacum-v

1165 870 1431 916 intercedat,
1458 869 1565 910 neve
1587 869 1775 912 deterior
1795 869 1986 911 Ecclesiae
2001 882 2111 910 con--

1169 930 1280 970 ditio
1294 928 1383 977 fiat,
1402 941 1447 970 ut
1467 929 1601 971 innuit
1620 932 1720 970 Rota
1736 929 1850 982 decis}
1871 941 1937 979 17.
1954 938 2110 977 num.5.

1168 990 1217 1029 de
1229 989 1570 1048 Jurepatronatus
1591 989 1632 1030 in
1646 989 1776 1045 antiq.
1803 989 1854 1032 ὁ*
1867 1004 1946 1030 cor.
1957 989 2110 1030 Coccin.

1167 1049 1386 1100 decifi457.
1404 1052 1551 1088 num.6.
1577 1048 1681 1090 Inde
1699 1049 1802 1092 vero
1818 1063 1902 1092 non
1917 1050 2027 1091 bene
2043 1049 2111 1091 in·

1164 1105 1298 1150 fertur
1313 1136 1327 1156 ,
1358 1108 1477 1165 quod
1493 1108 1738 1165 Legatarius
1768 1110 2011 1167 nequiverit
2040 1108 2105 1150 le·-

1167 1180 1313 1226 gaturn
1328 1169 1380 1209 ad
1397 1167 1584 1209 haeredes
1602 1166 1901 1211 transmittere:
1927 1171 2039 1212 Nam
2053 1168 2109 1210 ad

1166 1225 1355 1270 effectum
1372 1224 1678 1270 transmiffionis
1695 1229 1863 1272 minime
1880 1229 2108 1285 requiritur

1165 1287 1346 1332 dominii
1361 1285 1566 1345 acquisito
1579 1315 1591 1336 ,
1619 1301 1713 1345 quae
1733 1289 1923 1343 pluribus
1937 1301 1990 1330 cx
2004 1300 2108 1329 cau-

1165 1346 1216 1390 fis
1232 1347 1428 1404 impediri
1440 1346 1577 1404 potest
1590 1363 1601 1393 3
1628 1348 1711 1390 Sed
1722 1348 1806 1390 hoc
1821 1345 1954 1390 solum
1965 1348 2115 1405 requi-

1166 1409 1273 1450 ritur
1287 1435 1300 1456 ‚
1318 1407 1437 1465 quod
1449 1407 1540 1449 dies
1553 1407 1684 1464 legati
1697 1437 1711 1456 ,
1726 1409 1796 1451 vel
1808 1404 2107 1450 fideicommiffi

1168 1465 1331 1511 cesserit
1349 1483 1358 1507 ε
1388 1470 1491 1522 Qae
1509 1467 1602 1509 dies
1623 1469 1666 1511 in
1690 1469 1804 1524 puris
1821 1466 2109 1525 dispositioni-

1169 1528 1248 1569 bus
1279 1526 1396 1569 cedit
1427 1529 1452 1569 a
1483 1539 1619 1570 morte
1648 1528 1879 1570 Testatoris
1909 1528 1937 1568 l.
1959 1527 2000 1568 si
2026 1525 2109 1579 post

1166 1587 1270 1627 diem
1285 1598 1323 1636 ς.
1352 1592 1391 1634 §.
1406 1590 1546 1644 Itaque
1559 1588 1604 1641 st
1618 1598 1763 1640 purum
1777 1589 1948 1644 legatum
1977 1587 2006 1628 l.
2021 1589 2105 1627 Nee

1153 1647 1281 1702 stmel
1295 1652 1333 1694 §.
1349 1649 1448 1688 Item
1459 1647 1587 1700 Celsus
1604 1645 1656 1703 βξ
1673 1648 1827 1703 quando
1840 1648 1924 1688 dies
1934 1646 2108 1703 legator.

1166 1707 1239 1749 vel
1251 1706 1534 1765 fideicommiffi
1558 1707 1638 1748 ced.
1667 1707 1696 1748 l.
1718 1721 1753 1748 1.
1777 1712 1816 1755 §.
1843 1710 1889 1748 In
1912 1705 2110 1763 novisp‘mo

1165 1767 1259 1809 Cod.
1277 1768 1323 1810 de
1338 1767 1472 1809 caduc.
1488 1766 1619 1808 tollen.
1647 1770 1686 1809 &
1699 1781 1751 1809 ex
1767 1780 1867 1811 tunc
1884 1765 1911 1808 fi
1929 1767 2111 1826 Legata-

1168 1827 1257 1868 rius
1273 1854 1286 1874 ,
1303 1827 1371 1868 vel
1381 1825 1796 1869 Fideicommiffarius
1812 1826 1992 1869 decedat
2008 1855 2020 1874 ,
2042 1826 2109 1879 jus

1169 1886 1344 1942 petendi
1359 1887 1548 1942 legatum
1567 1915 1579 1934 ,
1595 1886 1665 1928 vel
1680 1885 2037 1930 fideicommissum
2056 1885 2111 1927 ad

1170 1946 1362 1989 haeredes
1378 1943 1597 1988 transmisit
1625 1946 1735 1988 dina
1747 1947 1774 1987 l.
1789 1946 1831 1988 Si
1842 1947 1923 2002 post
1937 1947 2040 1988 diem
2053 1945 2111 1985 le-

1166 2006 1258 2062 gati
1274 2006 1472 2048 cedentem
1485 2005 1537 2064 βξ
1550 2008 1704 2060 quando
1721 2007 1804 2048 dies
1815 2006 1936 2064 legat.
1964 2006 2039 2048 vel
2044 2005 2110 2060 fi-

1171 2065 1371 2107 deicomm.
1385 2067 1465 2107 ced.
1478 2066 1553 2107 l.Si
1567 2066 1804 2108 Paneionilla
1814 2080 1854 2118 3.
1871 2067 1962 2108 Cod.
1976 2065 2111 2107 eodem

1170 2125 1199 2165 Ι.
1218 2125 1397 2185 Qidam
1401 2125 1452 2182 ff
1462 2126 1518 2166 ad
1526 2127 1611 2167 S.C.
1625 2126 1666 2165 T
1661 2126 1793 2167 rebell.
1814 2128 2010 2184 quamvis
2025 2123 2111 2181 ipse

1172 2199 1257 2227 non
1273 2186 1498 2243 agnoverit
1515 2213 1530 2233 ,
1555 2198 1632 2227 nec
1646 2186 1880 2229 dominium
1896 2185 2119 2243 quaesierit,

1171 2245 1258 2287 imo
1275 2244 1484 2287 etiamfiin
1501 2258 1639 2287 rerum
1660 2259 1821 2294 natura,
1842 2245 2030 2289 nondum
2048 2242 2118 2286 es-

1170 2302 1232 2347 set
1246 2317 1312 2346 res
1328 2305 1466 2362 legata
1481 2321 1492 2350 ς
1509 2305 1578 2346 vel
1594 2305 1780 2349 nondum
1797 2306 1926 2347 haeres
1941 2305 2117 2347 haeredi-

1170 2375 1302 2408 tatem
1319 2365 1470 2416 adjerit
1486 2392 1501 2412 ,
1529 2365 1639 2407 itaut
1665 2378 1742 2408 nec
1762 2367 2017 2422 petitionem
2039 2366 2120 2406 Le-

1170 2426 1356 2480 gatarius
1373 2437 1571 2466 exercere
1585 2422 1779 2480 potuisset
1795 2454 1808 2472 ,
1838 2426 1907 2467 vel
1926 2438 1977 2467 ez<
1993 2423 2120 2466 defe-

1171 2487 1237 2525 stu
1256 2485 1344 2532 rei,
1365 2484 1434 2526 vel
1449 2481 1631 2538 personae
1646 2511 1659 2530 ,
1681 2485 1750 2526 vel
1766 2498 1816 2525 ex
1833 2485 1918 2526 alio
1935 2483 2121 2539 impedi-

1171 2555 1316 2585 mento
1337 2542 1627 2585 conditionem
1650 2556 1734 2585 non
1750 2542 1934 2586 faciente
1966 2542 2117 2585 dicta...

1168 2604 1199 2645 l.
1216 2609 1297 2646 Nec
1295 2603 1420 2655 semel
1445 2606 1484 2649 S.
1500 2601 1542 2643 Si
1556 2602 1617 2642 cui
1640 2602 1748 2644 homo
1761 2604 2005 2660 generaliter
2037 2603 2066 2645 l.
2079 2602 2122 2645 Si

1170 2662 1417 2716 usuffrunus
1433 2666 1471 2709 S.
1484 2663 1578 2702 Inde
1593 2663 1734 2719 quaerit
1762 2664 1787 2704 l.
1805 2663 1846 2704 Si
1859 2663 1942 2705 dies
1959 2663 2123 2716 adpost-

1170 2734 1216 2765 ta
1234 2738 1253 2763 2
1269 2737 1302 2764 1.
1318 2723 1346 2763 l.
1361 2724 1461 2764 Cizm
1474 2722 1584 2763 illud.
1596 2752 1608 2771 ,
1639 2734 1711 2764 aut
1725 2723 1826 2765 illud
1839 2737 1858 2762 2
1871 2736 1909 2774 5.
1932 2729 1970 2771 §.
1985 2726 2123 2763 Haeres

1172 2798 1278 2826 meus
1298 2782 1350 2840 ffi
1364 2783 1517 2838 quando
1552 2783 1633 2825 dies
1662 2785 1781 2839 legat.
1799 2784 1877 2825 ced.
1902 2784 1929 2823 l.
1943 2781 2123 2825 Haredis

1174 2843 1300 2885 aditio
1318 2872 1332 2892 ,
1367 2844 1414 2886 ὠ·
1443 2844 1470 2883 l.
1484 2843 1525 2884 Si
1540 2843 1645 2885 Titio
1679 2849 1718 2891 ς.
1781 2844 1927 2885 uaedam
1951 2855 2124 2885 autem..-

1164 2902 1216 2960 βξ
1231 2906 1313 2945 eod.
1327 2903 1454 2961 Gl⁰ffl¹
1468 2903 1548 2945 inl.
1566 2903 1678 2944 unica
1694 2918 1768 2944 ver
1797 2905 1954 2946 .Cedere
1967 2904 2060 2946 eod.
2074 2905 2124 2945 de

1173 2964 1307 3003 caduc.
1322 2964 1455 3005 tollen.
1474 2969 1589 3005 Bart.
1605 2964 1747 3004 ibidem
1760 2992 1773 3012 ,
1798 2963 1848 3007 ὁ·
1879 2963 1919 3004 in
1935 2964 1962 3003 l.
1980 2963 2124 3005 Firmio

1171 3023 1383 3066 Haliodoro
1404 3037 1424 3062 2
1434 3027 1473 3063 6.
1476 3024 1689 3081 ffiquando
1706 3023 1788 3064 dies
1803 3025 1924 3079 legat.
1938 3025 2020 3064 ced.
2034 3024 2122 3067 Gio.

1173 3097 1348 3140 vagnon.
1363 3084 1534 3136 conſs78.
1551 3096 1641 3123 nu.2
1656 3096 1692 3124 1.
1704 3085 1881 3125 Menoch.
1899 3083 2010 3133 lib-4.
2026 3095 2127 3135 pre-

1159 3144 1312 3198 sumpt.
1334 3157 1432 3183 201.
1449 3158 1513 3183 nu.
1530 3156 1600 3195 39.
1631 3144 1699 3186 Sic
1724 3145 1852 3201 igitur
1870 3144 1911 3184 in
1930 3142 2124 3199 praesenti

1173 3204 1277 3246 licet
1295 3204 1540 3259 Legatarius
1558 3203 1790 3246 dominium
1805 3204 2027 3260 acquirere
2040 3217 2126 3246 non

1173 3264 1362 3319 potuerit
1373 3259 1530 3320 absque
1551 3259 1703 3304 assensu
1722 3264 1934 3305 Ordinarii
1951 3292 1963 3310 ,
1982 3274 2127 3305 tamen

1170 3323 1235 3376 jus
1252 3322 1359 3364 illud
1386 3323 1562 3378 petendi
1591 3319 1788 3365 assensum
1808 3353 1820 3372 ,
1857 3337 1983 3381 quem
1997 3322 2128 3364 Ordi-

1175 3382 1314 3425 narius
1335 3382 1544 3439 denegare
1561 3381 1643 3424 fine
1659 3382 1759 3434 justa
1771 3381 1891 3427 causa
1903 3396 1988 3426 non
2000 3393 2127 3438 pote-

1570 3443 1616 3486 M
1634 3457 1672 3485 m
1691 3457 1730 3486 m
1774 3456 1795 3496 3
2039 3450 2124 3483 tat·
