2392 3736
336 110 760 194 DeJurepatr.
787 106 923 167 Par.
951 106 1053 171 VI.
1081 109 1245 170 Can.
1268 107 1494 170 XXIII.
1517 109 1661 172 Cas?
1678 108 1718 171 1.

69 227 161 268 dem
176 222 389 268 Ordinarii
409 218 659 262 sententiam
677 217 915 263 revocavit,
932 229 1008 259 ex-

66 282 210 343 presse
228 280 480 326 declarando
498 274 736 329 hujusmodi
756 274 1010 318 beneficium

7 373 8 377 =
70 359 156 388 non
182 341 263 385 esse
289 339 615 385 Ecclefiasticum
633 365 647 386 ,
688 349 831 393 neque
864 335 1007 378 obno-

68 407 183 448 xium
201 400 554 446 reservationibus
569 396 832 454 Apostolicis
843 423 859 444 ,
876 408 924 437 ac
941 395 1009 435 in-

8 477 10 515 ῑ
71 464 191 520 super
222 462 580 504 manutentionem
614 454 899 500 concedendo
941 451 1012 495 iis-

8 519 10 533 ³
72 527 169 567 dem
183 519 471 578 possessoribus
486 520 694 561 bonorum
711 545 725 565 ‚
753 516 815 558 uti
838 516 881 557 in
899 512 1014 572 quasi

9 574 11 586 s

10 623 12 632 r

71 581 311 641 possessione
325 577 602 637 praesentandi
619 575 888 620 existentibus
898 584 1010 617 tutte-

10 633 13 682 ἱ
72 646 111 687 te
123 642 234 685 volte
266 643 331 682 che
348 640 534 698 esucceffi)
549 651 700 680 vacare
714 636 754 678 in
769 635 870 678 tutti
879 635 895 675 ι’
912 647 1009 678 tem-

66 703 112 759 pi
123 732 137 753 ,
154 716 174 743 e
186 705 282 758 mest
293 701 497 742 dell'anno
515 699 598 743 &aa
618 698 711 740 curn
729 697 825 738 talis
843 693 1013 737 senten-

73 767 134 806 tia
163 763 224 806 uti
241 763 396 818 praevio
425 759 591 802 formali
609 758 778 801 {estium
799 757 1015 798 examino

74 834 264 866 emanata
278 825 319 863 in
339 822 414 863 hac
434 816 616 876 expressa
631 817 860 876 quaestione
875 844 889 865 ‚
908 811 1018 868 ejus-

13 903 15 909 ·
75 885 259 940 demque
273 879 468 924 beneficii
483 881 615 927 statu,
645 883 686 921 &
712 875 901 920 effectum
926 873 1019 918 sor·

13 976 16 987 .
76 945 154 986 nita
168 971 181 992 ,
198 955 328 999 atque
348 941 473 983 etiam
492 942 534 982 in
550 939 781 992 judicatum
800 933 1016 983 transacta,

36 2639 43 2727 ’ἒ

41 2769 45 2807 !

26 2813 46 2864 ,ἱ

43 2942 50 2983 2

44 2989 50 3055 ἔ

15 3062 18 3066 ’
44 3058 51 3087 ι

25 3109 52 3165 ζέ

14 1510 18 1521 .
76 1481 246 1535 ejusdem
267 1477 365 1521 anni
393 1482 432 1525 §.

17 1566 19 1570 ι
75 1539 285 1598 mmifflmo
300 1538 428 1579 Priolo
446 1566 461 1586 ,
474 1538 516 1579 in
531 1542 699 1579 Pennen.
716 1537 894 1593 beneficii
895 1539 1020 1591 super

17 1609 21 1623 “·
71 1600 316 1658 pertinentia
337 1611 353 1638 1
363 1613 404 1651 7.
416 1596 568 1640 Martii
589 1610 606 1637 1
616 1611 639 1650 7
651 1610 666 1637 1
677 1613 717 1637 0.
734 1600 773 1644 §-
785 1598 862 1638 Sed
870 1597 931 1638 hic
945 1610 1020 1638 non

19 1676 22 1711 ff
68 1660 174 1718 sistit
190 1659 404 1714 1cumstqq.
421 1672 551 1698 coram
567 1661 617 1699 R.
632 1663 676 1699 P.
694 1661 747 1698 D.
761 1656 1019 1698 Aldrovando

76 1721 242 1776 aliisque
257 1717 437 1774 congestis
466 1717 508 1758 in
523 1718 631 1759 dina
644 1717 860 1770 Cascrtana
873 1716 1020 1772 benefi-

20 1778 24 1832 ’ζ
77 1781 130 1822 cii
166 1791 232 1829 15.
247 1778 368 1839 ‘Junii
399 1789 450 1829 17
461 1782 526 1819 16.
558 1782 596 1827 §.
617 1779 747 1836 quue
766 1775 932 1833 firmius
961 1789 1019 1817 co-

14 999 17 1047 }
75 1016 216 1062 neque
232 1003 274 1043 in
285 999 525 1057 possessorio
538 1027 552 1048 2
567 997 784 1055 minusque
801 997 844 1038 in
860 997 1018 1053 petito-

74 1064 142 1106 rio
160 1061 393 1118 impugnari
408 1071 535 1118 queat
550 1087 565 1108 ‚
595 1057 668 1100 nifi
699 1058 881 1100 obtenta
900 1069 1021 1099 com·
1044 1108 1051 1114 ,

79 1122 264 1166 miffione
280 1120 552 1163 restitutionis
565 1119 608 1160 in
623 1120 849 1176 integrum,
871 1128 915 1160 ut
931 1130 1023 1159 mo-

10 1223 12 1226 ,
81 1193 155 1225 met
170 1182 289 1223 Card.
304 1181 349 1223 de
360 1185 461 1223 Luca
474 1180 727 1233 dejurepatr.
739 1177 856 1231 disc.2
866 1189 1018 1228 2.nu.7.

8 1249 9 1258 ¹
77 1247 183 1286 Rota
198 1255 328 1283 coram
344 1245 492 1282 Zarat.
506 1237 620 1292 decis.
634 1253 673 1280 2.
688 1252 792 1279 num.
809 1251 850 1287 9.
882 1236 932 1280 ὦ*
951 1249 967 1275 1
981 1249 1019 1278 1.
1058 1285 1062 1289 p

5 1354 8 1359 ἡ
77 1302 129 1344 εἷο·
150 1307 218 1343 16.
249 1301 290 1343 in
307 1299 599 1354 Compestellana
615 1296 857 1339 Parochialis
877 1297 917 1337 8.
935 1296 1022 1354 ‘Ju-

77 1362 138 1402 m'i
156 1366 284 1411 1696.
312 1364 350 1407 §-
369 1356 612 1417 ⁶Justificatio
633 1368 769 1400 autem
798 1370 931 1399 coram
941 1361 1022 1398 Re-

78 1419 344 1478 «verendg'fftmo
370 1417 541 1461 Molines
556 1446 569 1466 ‚
596 1416 645 1460 &⁹
684 1418 754 1459 28.
771 1416 1022 1460 Nomembris

443 1478 566 1538 Qud
585 1487 719 1519 autem
750 1490 883 1518 coram
912 1475 1023 1518 Emi-

80 1854 173 1882 ram
186 1843 258 1882 Me
275 1867 287 1880 .

0 1933 1 1938 ,
31 1927 37 1936 -
56 1921 72 1949 ι
138 1901 295 1943 Verum
337 1902 464 1944 etiam
495 1901 651 1958 gemini
688 1898 1021 1958 superaccende-

0 1967 27 2015 ξ
80 1961 184 2004 bant
218 1963 452 2005 anteriores
474 1963 599 2005 status
632 1975 836 2004 annorum
862 1958 1023 2002 scilicet

84 2026 216 2074 1649.
230 2049 244 2070 ‚
261 2025 302 2064 δε
323 2026 450 2073 1617.
468 2050 482 2072 ,
514 2023 587 2065 ubi
604 2022 750 2065 itidem
767 2021 1024 2078 pronuncia-

25 2108 29 2141 ς
78 2094 357 2137 tumapparet
373 2080 623 2124 beneficium
638 2080 716 2124 esse
733 2082 786 2123 de
803 2077 1026 2137 praesenta-

27 2151 29 2157 '
75 2143 202 2186 tione
221 2141 327 2183 laica
342 2169 355 2191 ‚
383 2146 424 2185 δε
441 2143 649 2184 Patronos
667 2141 840 2183 existere
855 2143 898 2182 in
911 2139 1025 2197 quasi
1081 2150 1085 2154 ·

0 2213 3 2216 ’
27 2207 29 2226 ³
80 2200 324 2259 posseffione
352 2198 626 2257 praesentandi
655 2202 697 2242 in
729 2213 1025 2258 quocumque)

30 2294 33 2295 γ
82 2257 178 2303 casu
196 2261 428 2303 vacationis
445 2289 459 2310 ,
484 2262 559 2319 qui
588 2256 682 2302 sane
712 2260 837 2302 status
867 2258 1025 2301 etiamsi

24 2323 34 2372 ἶ
83 2335 171 2364 non
189 2321 435 2362 contineant
446 2333 627 2377 tempus,
643 2333 731 2376 quo
752 2317 930 2362 vacasset
947 2319 1027 2362 be-

10 2408 15 2426 -.
85 2379 284 2423 neficium
300 2408 313 2428 ‚
340 2394 391 2423 an
409 2379 569 2423 scilicet
583 2381 625 2421 in
642 2377 780 2421 mense
795 2377 1026 2428 reservato,

82 2441 156 2484 vel
168 2441 408 2488 Ordinatio,
427 2440 568 2483 valide
589 2452 726 2482 tamen
742 2439 931 2481 camdem
947 2440 1028 2481 ob-

83 2499 332 2544 servantiam
360 2500 625 2543 concludunt
642 2529 655 2549 ,
696 2500 794 2541 dum
819 2496 917 2541 satis
953 2499 1027 2548 est,

83 2562 205 2619 quod
219 2560 263 2601 id
277 2561 534 2603 declaratum
557 2560 722 2616 legatur
751 2560 794 2601 in
808 2559 1026 2619 praedietaa

85 2635 133 2664 re
163 2619 346 2673 judicata
373 2622 468 2664 anni
492 2625 646 2673 1663.,
672 2625 712 2664 &
745 2619 915 2677 quidem
945 2633 1025 2676 pro

85 2681 362 2724 fundamento
380 2680 563 2734 ejusdem
581 2684 640 2723 rei
656 2680 848 2733 judicatae
877 2680 1028 2735 praedi-

87 2744 180 2783 etos
216 2753 363 2796 nempe
390 2739 631 2797 possessores
662 2738 918 2798 permansisse
957 2741 1029 2782 im

89 2799 205 2859 quafi
232 2799 471 2857 posseffione
501 2800 775 2860 praesentandi
815 2800 857 2841 in
882 2799 983 2842 tutti
1013 2801 1029 2840 i

64 2861 238 2916 -tempi,
263 2875 282 2902 e
302 2863 395 2914 mesi
404 2863 491 2904 dell’
502 2877 630 2912 anno,
663 2875 712 2904 ea
727 2862 893 2904 ratione
908 2860 1029 2917 quod

87 2918 304 2964 sccushoe
318 2923 585 2978 comprobari
605 2918 811 2981 nequisset
826 2950 840 2971 ‚
888 2922 1027 2962 uoties

87 2981 190 3023 vere
219 2982 522 3025 antecedentes
549 2983 674 3026 status
702 2995 787 3025 non
818 2935 1028 3024 esilentvini

88 3039 361 3090 conformes,
391 3054 516 3098 prout
543 3043 646 3085 alias
676 3044 803 3086 etiam
832 3041 886 3083 de
915 3040 1027 3092 jure:

89 3098 373 3158 praesumitur,
398 3102 467 3144 nisi
483 3103 607 3159 plene
625 3131 638 3151 ‚
661 3107 700 3146 &
717 3101 1029 3145 concludenter

28 3169 54 3220 ῃ
90 3162 346 3204 contrarium
363 3162 605 3205 ostendatur
619 3191 632 3211 ‚
648 3175 692 3204 ut
714 3163 852 3220 inquit
866 3165 971 3203 Rota
988 3161 1029 3203 in

30 3231 40 3260 i
91 3221 204 3274 decis.
224 3235 292 3273 57.
308 3236 563 3276 num.9.par.
583 3224 746 3276 6.decis.
763 3225 833 3264 68.
850 3233 1028 3270 num.19.

28 3286 38 3322 {-
91 3280 233 3335 &seq.
244 3293 335 3334 par.
354 3285 393 3323 8.
407 3283 520 3336 decis.
540 3295 638 3334 244.
655 3298 757 3323 num.
775 3295 944 3337 19.par.
963 3287 1029 3324 16.
1060 3295 1063 3301 ·

37 3347 57 3389 Ἰ
91 3340 231 3392 decis.5
242 3345 311 3380 60.
325 3357 427 3383 num.
446 3358 465 3383 2
478 3358 514 3384 2.
521 3356 613 3397 par.
631 3356 647 3383 1
658 3357 698 3392 9.
709 3353 855 3384 recent.
881 3342 922 3382 in
937 3342 1032 3384 Bri-

92 3399 493 3502 xieZq‘urlZdiHionis
530 3418 599 3456 27.
621 3403 743 3464 Junii
764 3416 891 3454 1710.
925 3406 964 3451 §-
980 3407 1032 3447 Bt

182 3475 250 3500 urs
322 3492 332 3503 .

1077 531 1133 570 32

1144 1240 1276 1283 stante

1098 1293 1115 1320 ⁴
1143 1299 1368 1356 respiciant
1383 1299 1635 1343 beneficium
1651 1300 1855 1343 Curatum
1872 1329 1887 1350 ‚
1918 1314 2003 1343 non
2019 1313 2096 1342 au-

1133 218 1437 275 quidemooram
1447 218 1777 275 Reverendiffi'mo
1789 217 1975 262 Kaunitz
1995 219 2091 273 Epi-

1124 281 1239 333 scopo
1254 277 1447 318 Labacen.
1459 304 1472 324 ,
1495 277 1538 318 in
1551 278 1817 335 Salisburgen.
1835 279 2001 324 Vicariae
2019 292 2040 331 3
2053 292 2091 320 1.

1132 334 1334 398 Ja'nuarii
1348 348 1365 374 1
1376 349 1400 386 7
1410 349 1478 388 14.
1497 341 1537 383 §-
1547 340 1629 377 Nec
1642 336 1684 378 t'n
1697 339 1836 394 aliqua
1853 343 2092 382 cot-‚R.P.D.

1132 412 1215 441 meo
1230 395 1520 444 Falconeriffl&
1533 397 1785 445 4.Februarii
1807 412 1823 437 1
1834 412 1857 449 7
1869 414 1885 440 1
1897 412 1936 449 ς.
1953 400 2091 454 §.Abs-
2141 400 2145 405 '

1136 471 1212 513 que
1228 471 1269 497 eo
1284 456 1390 514 quod
1401 484 1414 504 ,
1431 470 1564 497 coram
1575 459 1732 498 R.P.D.
1749 472 1831 499 meo
1843 460 1973 514 Crispo
1984 490 1996 501 .
2082 503 2088 507 ,

1197 520 1470 574 Qapropter
1492 516 1586 558 cum
1603 530 1655 558 ex
1671 527 1737 559 tot
1750 517 1924 560 statibus
1943 521 2003 561 ita
2023 522 2090 563 vi-

1132 578 1268 620 riliter
1281 575 1455 618 firmatis
1469 577 1493 618 a
1512 575 1780 632 dispositione
1793 577 2091 627 Testium‚sen-

1135 638 1286 680 tentiis
1299 637 1515 678 Ordinarii
1528 650 1605 692 pro
1619 648 1832 693 ternpore,
1849 641 1890 681 &
1904 640 2089 681 maxime

1139 699 1267 740 etiam
1301 710 1354 739 ex
1370 711 1415 739 re
1430 696 1617 750 judIcata
1655 696 1709 739 de
1727 695 1787 739 sui
1803 709 1948 741 natura
1981 700 2091 741 titu-

1138 759 1226 800 lum
1240 756 1464 800 fortiorem
1480 755 1658 813 ipsamet
1675 759 1915 801 centenaria
1927 787 1940 808 ,
1956 762 1997 801 &
2011 760 2089 802 im-

1138 818 1405 861 memorabili
1417 815 1724 875 praeseferente,
1740 830 1786 861 ut
1803 819 1911 862 dixit
1925 824 2030 862 Rota
2045 820 2090 860 in

1138 883 1310 934 Burgen.
1319 877 1428 932 juris
1443 877 1639 932 visitandi
1653 879 1700 920 de
1713 878 1911 933 Bribiesca
1928 892 1947 919 2
1958 893 1978 920 2
1987 879 2085 937 {Ju-

1139 938 1198 979 nii
1219 951 1235 978 1
1247 951 1269 989 7
1280 951 1345 988 14.
1372 943 1410 985 §.
1417 938 1542 993 finali
1556 953 1634 981 cor.
1650 943 1700 982 R.
1721 943 1768 981 P.
1783 943 1839 981 D.
1852 951 1932 981 meo
1947 943 2087 987 Cerro,

1142 999 1192 1042 ὠν
1217 1011 1285 1048 17.
1302 999 1425 1054 ‘Junii
1438 1001 1608 1053 ejusdem
1623 998 1719 1041 anni
1729 1000 1892 1054 pariter
1921 999 2091 1054 §.finali

1135 1062 1274 1110 foram
1294 1060 1622 1118 Reverendtffimo
1634 1062 1801 1103 Domino'
1821 1074 1904 1101 meo
1920 1060 2089 1113 Ansaldo

1143 1124 1302 1162 Decano
1334 1121 1479 1176 aperte
1504 1122 1684 1177 probata
1716 1133 1902 1163 remanet
1915 1121 2096 1172 eadem.»¹

1144 1176 1415 1222 observantia
1431 1209 1445 1230 ‚
1473 1184 1514 1224 &
1541 1181 1713 1238 quidem
1731 1182 1975 1225 centenaria
2003 1194 2094 1224 non

1329 1241 1451 1298 quod
1483 1240 1619 1297 aliqui
1660 1254 1712 1282 ex
1741 1241 1861 1282 dietis
1900 1240 2094 1283 statibus

1144 1372 1231 1402 tem
1249 1361 1357 1402 illud
1370 1360 1543 1416 simplex
1558 1389 1571 1409 ‚
1600 1360 1654 1402 de
1668 1375 1756 1418 quo
1773 1363 1912 1419 agitur
1929 1375 1981 1403 ex
1994 1360 2096 1402 illa..

1143 1422 1336 1470 ratione,
1368 1420 1489 1478 quod
1517 1420 1610 1462 cum
1627 1432 1852 1477 utrumque
1868 1421 2098 1476 proveniat

1086 1494 1139 1535 33
1156 1482 1209 1524 ab
1238 1482 1392 1524 eodem
1426 1481 1547 1523 fonte
1563 1509 1576 1530 ,
1607 1483 1646 1522 &
1663 1480 1710 1522 fit
1726 1478 1908 1532 ejusdem
1922 1492 2097 1528 naturae,

1142 1553 1296 1599 utpote
1327 1553 1554 1598 utrumque
1586 1552 1792 1582 annexum
1838 1538 1986 1583 iisdem
2014 1541 2098 1583 bo-

1143 1604 1210 1646 nis
1225 1601 1542 1656 emphiteuticis
1559 1627 1574 1648 ,
1608 1598 1875 1644 observantia
1908 1598 2097 1657 respectu

1142 1664 1266 1704 unius
1285 1659 1496 1717 suffragati
1514 1659 1646 1701 debet
1657 1674 1734 1716 pro
1752 1660 1887 1703 altero
1902 1674 1952 1702 ex
1966 1662 2097 1703 anim-

1143 1721 1329 1765 adverfis
1368 1734 1444 1778 per
1470 1724 1620 1763 Lotter.
1641 1722 1688 1760 de
1717 1735 1759 1761 re
1775 1721 1932 1775 benefic.
1968 1721 2034 1762 lib.
2056 1733 2099 1761 2.

1104 1780 1107 1781 ⁷
1145 1782 1276 1839 quast.
1301 1795 1367 1821 10.
1384 1795 1488 1823 num.
1506 1795 1575 1820 20.
1591 1779 1718 1832 Posth.
1735 1781 1781 1821 de
1795 1791 1949 1822 manut.
1969 1781 2100 1834 obser-

1145 1854 1271 1892 vat.7
1279 1855 1319 1893 3.
1333 1856 1439 1882 num.
1449 1841 1546 1891 148.
1562 1841 1746 1882 Modern.
1759 1843 1922 1883 Roman.
1938 1840 2098 1895 discept-

1146 1902 1289 1956 Eccles.
1307 1903 1378 1942 28.
1401 1915 1506 1942 num.
1523 1914 1564 1949 9.
1593 1900 1747 1942 Adden.
1768 1901 1824 1941 ad
1834 1906 1997 1957 Gregor.
2026 1901 2099 1940 de-

1147 1962 1214 2015 cis.
1230 1973 1332 2012 557.
1346 1976 1410 2002 nu.
1431 1962 1472 2001 8.
1491 1959 1540 2002 ὠ·
1559 1963 1662 2002 Rota
1677 1974 1807 2001 coram
1825 1960 1994 2002 Emerix
2008 1962 2101 2014 jun.

1148 2022 1265 2075 decifi
1284 2022 1306 2061 8
1317 2035 1384 2061 20.
1402 2034 1512 2062 num.
1528 2032 1568 2071 7.
1588 2048 1602 2069 ,
1618 2019 1659 2060 in
1672 2019 1909 2074 Majoricen.
1925 2021 2102 2076 beneficii

1155 2096 1173 2124 1
1186 2096 1222 2122 1.
1239 2082 1352 2134 Maji
1373 2093 1502 2132 1705.
1529 2080 1701 2136 §.finali
1729 2095 1859 2123 coram
1887 2083 2105 2127 bom-mem.¹

1149 2147 1271 2186 Muto
1286 2141 1453 2200 impreſj.
1469 2141 1574 2195 apud
1589 2141 1774 2181 Modern.
1788 2142 1969 2195 Asculan.
1983 2136 2102 2194 deci'fi

1148 2204 1322 2244 Florent.
1349 2213 1370 2254 3
1380 2215 1420 2255 3.
1448 2206 1486 2248 §-
1510 2214 1549 2241 2.
1565 2214 1630 2241 nu.
1650 2201 1719 2251 38.
1736 2229 1749 2249 ‚
1779 2200 1820 2241 in
1839 2201 2104 2243 Melevitana

1145 2261 1489 2316 jurispatronatus
1510 2273 1526 2299 1
1537 2273 1577 2312 3.
1591 2259 1792 2318 ‘Januarii
1810 2261 1937 2312 1708.
1966 2266 2004 2310 §.
2015 2266 2099 2303 Ne-

1152 2337 1227 2380 que
1241 2321 1364 2374 obstat
1381 2335 1506 2363 coram
1520 2321 1604 2362 bon.
1615 2334 1726 2362 mem.
1744 2326 1937 2371 Omanna‚
1953 2322 2002 2365 (θ’
2016 2323 2100 2366 in.)

1153 2389 1377 2426 Cremonen.
1389 2379 1563 2436 beneficii
1583 2393 1625 2432 4.
1643 2380 1844 2422 Februarii
1866 2394 1915 2432 17
1928 2394 1993 2432 15.
2006 2384 2103 2429 §.Et

1153 2443 1220 2484 ubi
1242 2443 1364 2484 etiam
1379 2454 1510 2482 coram
1526 2443 1679 2484 R.P.D.
1694 2454 1774 2482 meo
1790 2445 1908 2483 Cerro
1925 2469 1936 2482 .
1954 2443 2002 2483 In
2025 2455 2102 2484 ne-

1154 2501 1366 2545 cessarium
1395 2498 1661 2557 consequens
1689 2500 1870 2556 proinde
1900 2504 2099 2557 emergit,

1155 2563 1275 2621 quod
1292 2557 1530 2613 hujusmodi
1544 2561 1786 2603 centenaria
1804 2558 2100 2605 observantia.»

1153 2623 1329 2666 omnino
1345 2620 1606 2664 attendenda
1635 2619 1682 2663 fit
1710 2621 1764 2663 ad
1787 2617 1977 2666 effectum
1997 2637 2101 2679 pro-

1151 2682 1281 2726 bandi
1310 2694 1396 2724 non
1432 2681 1566 2724 minus
1598 2681 1641 2722 in
1657 2681 1819 2734 judicio
1836 2679 2099 2737 possessorio,

1154 2757 1281 2802 quam
1313 2743 1355 2783 in
1378 2743 1581 2798 petitorio
1601 2740 1919 2785 controversum
1938 2741 2102 2787 benefi-

1153 2806 1261 2846 cium
1279 2801 1507 2855 subjeetum
1533 2815 1618 2844 non
1635 2799 1714 2843 esse
1747 2802 1954 2858 praedietis
1969 2802 2103 2846 reser-

1153 2864 1400 2907 vationibus
1417 2891 1430 2911 ‚
1461 2874 1506 2904 ut
1532 2861 1692 2918 optime
1707 2863 1891 2918 probant
1908 2864 2100 2906 Modern.

1151 2929 1320 2967 Roman.
1335 2922 1497 2977 discept.
1509 2923 1724 2975 Ecclesl27.
1737 2936 1841 2964 num.
1860 2936 1881 2964 2
1895 2936 1932 2964 1.
1947 2924 2101 2967 Adden.

1150 2987 1207 3027 ad
1223 2989 1385 3040 Gregor.
1401 2983 1514 3037 decis}
1538 2983 1635 3035 184.
1652 2996 1755 3025 num.
1777 2984 1817 3024 8.
1847 2983 1897 3027 ό
1910 2987 2015 3027 Rota
2029 2985 2100 3026 de«
2145 3006 2148 3010 ·

1150 3046 1215 3099 cis.
1235 3047 1337 3086 608.
1355 3057 1461 3085 num.
1478 3047 1518 3083 6.
1530 3055 1620 3097 par.
1641 3056 1681 3083 2.
1697 3053 1843 3085 recent.
1858 3042 2099 3101 &inAugu-
2117 3066 2121 3071 ·

1136 3107 1263 3160 stana
1277 3107 1438 3146 Summae
1450 3103 1760 3158 Ctstodiaesuper
1770 3103 1955 3157 secundis
1967 3105 2100 3147 literis

1155 3180 1177 3207 2
1191 3180 1227 3208 1.
1243 3165 1365 3224 ‘Junii
1386 3178 1435 3216 17
1446 3177 1462 3204 1
1474 3176 1513 3210 ς.
1531 3167 1568 3210 S.
1586 3168 1675 3206 Non
1683 3163 1912 3221 subsistente
1930 3178 2101 3207 coram..-

1150 3231 1308 3270 R.P.D.
1318 3240 1398 3266 meo
1414 3222 1632 3265 Falconerio
1651 3250 1665 3272 ‚
1677 3237 1770 3266 cum
1784 3225 2026 3268 centenaria
2036 3225 2099 3266 di-

1151 3299 1270 3330 catur
1302 3284 1518 3341 completa
1545 3282 1706 3327 etiamsi
1718 3283 1918 3327 deficiant
1936 3287 2103 3344 aliquot

1151 3348 1251 3389 anni
1267 3374 1278 3395 ,
1290 3357 1417 3402 prout
1434 3343 1600 3387 firmant
1613 3344 1737 3387 Card.
1753 3345 1800 3384 de
1816 3349 1921 3388 Luca
1935 3349 1981 3388 de
1987 3349 2102 3400 jure-

1147 3419 1260 3466 patr.
1280 3406 1322 3448 di
1340 3421 1372 3447 c.
1389 3418 1457 3459 57.
1474 3419 1578 3450 num.
1584 3416 1604 3459 3
1614 3417 1659 3508 313
1670 3404 1854 3508 lgagducc.
1867 3408 1923 3456 ad
1937 3411 2099 3507 RaqzoZ.

1790 3479 1811 3507 2
1996 3479 2057 3507 mo
2084 3491 2103 3500 -
