2392 3730
217 218 344 264 120

206 290 235 323 1.
263 290 313 322 An
326 299 381 334 per
397 284 574 332 Epistolam
591 285 718 330 probari
732 284 825 330 poffit
844 284 996 317 voluntas
1013 281 1189 317 'l'estatoris
1200 305 1210 318 .

258 336 371 370 favore
386 335 443 379 piae
457 332 570 367 Causa:
583 355 594 365 .
607 344 666 378 44.
684 345 695 366 1
706 343 737 376 5.

215 386 244 418 1.
269 383 426 418 Voluntas
437 382 572 415 hominis
584 380 680 415 debet
692 379 862 414 elsclibera
874 378 975 423 usque
1005 377 1046 412 ad
1074 386 1213 413 mortem

261 439 324 465 tam
336 431 419 464 circa
432 428 603 463 factionem
619 451 629 467 ‚
643 439 738 474 quam
752 429 835 463 circa
849 427 1094 462 revocationem
1120 425 1216 460 testa-

221 511 222 515 ,
262 479 383 513 menti.
398 489 457 523 47.
472 487 525 521 35.

214 528 241 560 1.
267 525 421 560 Voluntas
434 522 574 569 perfe&a
585 522 760 560 Testatoris
772 537 808 560 an
818 523 972 570 probetur
986 535 1029 557 ex
1043 520 1220 566 depofitio-

263 584 304 607 ne
318 572 448 607 Notarii
460 595 469 611 ,
482 573 516 608 ἃς
531 571 669 605 duorum
683 572 823 608 Tessium
838 596 846 611 ‚
859 571 979 606 etiamsi
1002 570 1050 604 isti
1069 581 1134 603 non
1161 568 1219 602 siut

261 620 446 655 conformes
472 622 504 655 in
527 618 722 654 formalitate
743 621 917 654 verborum
931 643 942 659 ,
974 628 1045 664 quae
1071 615 1220 652 Testator

266 668 399 713 protulit
411 691 421 702 .
437 680 495 713 49.
509 677 569 712 40.
585 689 595 705 ,
611 668 645 700 &
659 678 789 713 pag.5o.
804 680 863 714 4¹·

218 715 248 751 I.
276 716 458 750 Voluntatis
472 714 608 747 mutatio
619 725 790 760 numquam
802 714 1000 759 praesumitur
1015 714 1046 747 in
1060 712 1109 747 his
1123 735 1134 752 ‚
1146 722 1218 758 quae

266 763 434 808 respiciunt
451 763 598 796 Animam
615 785 626 801 ,
642 762 697 796 seu
707 762 846 797 Causam
871 763 954 807 piam
967 785 976 796 .
1006 772 1060 806 50.
1071 772 1126 806 43.

226 813 255 845 1.
279 810 438 845 Voluntas
453 810 483 843 in
499 809 549 843 his
562 831 571 848 ‚
586 819 657 854 quae
672 809 742 845 sunt
753 809 830 845 faeti
840 833 851 850 ,
865 821 929 845 non
943 809 1077 844 habetur
1091 819 1153 854 pro
1172 806 1221 843 fa·-

267 857 323 892 610
335 881 344 891 .
361 868 377 901 5
405 880 414 891 .
435 869 464 892 2.
1091 876 1095 879 -

218 906 247 939 Ι.
274 871 428 939 Volunt7as
440 904 630 941 Fundatoris
642 929 652 945 ‚
665 914 700 940 ut
713 905 890 951 praesentari
905 905 998 950 possit
1018 903 1057 939 ad
1088 901 1221 937 Benefi-

265 954 351 987 cium
367 954 470 987 minor
483 952 726 998 quatuordecim
743 965 919 993 annorum,
936 965 972 987 an
985 951 1102 985 deduci
1114 951 1220 984 valeat

267 999 285 1034 a
299 999 478 1035 subfidiaria
488 999 669 1035 admissione
683 1001 851 1036 Laicoruni
871 1000 911 1034 de
925 1000 1044 1034 familia
1058 1022 1070 1039 ,
1082 1007 1136 1032 aut
1153 997 1222 1032 Ex·

267 1056 452 1082 traneorum
466 1047 535 1093 post
550 1048 646 1082 talem
658 1048 821 1084 defectum
845 1049 1052 1083 Clericorurn
1077 1045 1223 1092 depfami-

269 1096 330 1130 lia.
353 1107 430 1139 207.
449 1100 501 1131 16.
513 1120 523 1136 ,
537 1095 645 1141 &seq.

223 1141 252 1176 1.
278 1146 471 1187 congruum
486 1167 496 1183 ‚
522 1145 556 1179 Sc
569 1144 771 1179 necessarium
794 1143 841 1179 est
863 1144 981 1190 exequi
1003 1143 1129 1179 ultimas
1153 1152 1225 1177 mo-

270 1191 417 1225 rientium
431 1191 614 1225 voluntates
627 1215 636 1224 .
674 1196 750 1236 256.
769 1203 783 1226 1
794 1203 820 1227 1.

220 1235 263 1271 Il.
293 1237 347 1271 Ad
361 1239 532 1273 eruendam
549 1239 747 1275 voluntatem
762 1239 936 1274 Testatoris
954 1237 1218 1285 perpendenda-2

268 1286 357 1319 venit
372 1297 448 1319 vera
464 1286 568 1321 Causa
579 1287 704 1322 motiva
717 1287 860 1333 expressa
870 1289 900 1321 in
913 1287 1021 1323 verbis
1038 1285 1220 1322 Testamen-

268 1333 292 1367 ti
308 1357 318 1367 .
342 1337 417 1368 106.
435 1345 487 1367 20.

223 1378 271 1414 11.
298 1380 454 1415 Voluntas
481 1380 670 1418 Fundatoris
695 1381 739 1415 est
765 1383 897 1418 omnino
920 1381 1111 1418 attendenda
1123 1406 1134 1422 ,
1159 1391 1219 1415 nec

270 1427 377 1472 potest
390 1428 528 1463 alterari.
550 1442 624 1475 145.
639 1445 673 1478 7.
686 1430 719 1464 &
731 1435 889 1476 pag-176.
899 1434 965 1473 3.&
976 1429 1016 1464 V.
1027 1429 1218 1475 pag-183.1.

221 1474 268 1511 11.
294 1474 377 1520 Qis
391 1476 518 1511 videtur
530 1476 647 1514 habere
668 1477 869 1514 voluntatem
880 1503 891 1519 ‚
914 1486 1013 1526 prout
1037 1478 1137 1512 verba
1166 1476 1220 1513 so-

270 1531 343 1556 nant
362 1547 371 1556 .
388 1534 426 1568 53
455 1547 464 1557 .
479 1536 510 1559 2.
759 1562 765 1570 ,

219 1567 264 1609 .V·
290 1536 486 1615 Neglige131te
499 1571 644 1614 haerede,
656 1582 711 1610 aut
723 1574 867 1610 Patrono
878 1573 1052 1621 adimplere
1067 1572 1222 1607 volunta—

269 1625 336 1652 tem
349 1617 538 1654 Fundatoris
553 1644 562 1660 ‚
578 1620 755 1668 Episcopus
780 1623 933 1658 devenire
963 1622 1051 1657 valet
1072 1620 1112 1655 ad
1137 1621 1222 1655 illius

272 1665 577 1710 adimplementum.
599 1681 676 1712 204.
696 1680 724 1704 1.

223 1711 279 1747 Vl.
307 1713 461 1752 Voluntas
472 1715 542 1749 talis
555 1717 753 1760 praesuinitur
767 1717 896 1763 qualem
907 1717 998 1753 astus
1021 1715 1101 1763 gesti
1114 1723 1226 1750 natura

269 1759 429 1796 declarat.
456 1766 536 1809 426.
557 1773 609 1798 ιο.

224 1809 275 1845 11.
302 1810 332 1842 A
346 1808 519 1844 discretivo
528 1811 629 1846 modo
640 1810 797 1857 loquendi
813 1813 957 1859 arguitur
972 1811 1099 1848 diversa
1108 1811 1226 1846 volun-

272 1863 319 1890 tas
330 1880 341 1895 ,
353 1857 536 1893 &intentio
547 1880 558 1891 .
577 1859 634 1903 83.
646 1869 700 1904 37.
1034 1878 1037 1880 -

319 1903 402 1938 Vide
417 1905 448 1939 in
463 1904 552 1940 verb.
577 1907 724 1944 Mutatio
739 1931 750 1942 .

579 2006 865 2043 VOTUM.

218 2094 249 2133 1.
273 2096 396 2133 Votum
410 2099 646 2136 Eminentissimi
659 2100 838 2136 Cardinalis
850 2100 918 2135 Pici
938 2099 979 2134 de
995 2098 1221 2136 Mirandum-3

268 2146 299 2179 in
311 2146 531 2183 salamantina
541 2149 740 2196 Beneplaciti
756 2172 767 2182 .
784 2158 863 2194 113.
884 2159 937 2182 ιο.

219 2190 266 2230 ΙΙ.
294 2193 353 2227 Per
364 2193 567 2239 adeptionem
584 2196 789 2242 Episcopatus
802 2218 812 2235 ,
826 2206 897 2241 quae
923 2203 1002 2231 vota
1021 2195 1220 2241 profeffionis

269 2240 415 2275 laxentur
427 2265 437 2275 .
457 2253 537 2289 427.
553 2254 610 2289 34.

221 2288 269 2321 11.
290 2286 416 2369 1Vostlum
429 2292 621 2335 paupertatis
636 2314 646 2331 ,
675 2302 713 2326 an
736 2290 828 2326 Vires
854 2290 923 2326 suas
956 2291 1101 2337 porrigat
1131 2291 1222 2326 extra

270 2344 287 2367 c
303 2346 341 2370 au
369 2348 417 2370 ra.
459 2347 473 2381 3
480 2348 511 2381 3-.

219 2379 269 2416 11.
295 2381 413 2419 Votum
426 2350 663 2420 {aunei-tissimi
679 2387 860 2422 cardinalis
872 2384 1026 2420 Francisci
1053 2385 1220 2422 Barberini

269 2430 301 2463 in
305 2430 419 2519 ffqusa
434 2437 578 2468 Pennen.
593 2432 831 2481 approbationis
836 2433 1038 2477 fundationis
1049 2458 1060 2475 ,
1078 2436 1137 2481 fi‘u
1160 2440 1222 2470 Be-

270 2488 310 2512 ne
334 2490 374 2514 cn
394 2490 500 2525 .513.
517 2491 567 2523 13·

638 2580 807 2618 VOX.

222 2666 252 2703 1.
276 2668 449 2715 Aliquibus
490 2671 637 2708 Patronis
674 2686 739 2709 non
774 2674 1052 2722 praesentantibus,
1096 2674 1219 2709 caeteris

270 2718 525 2761 praesentantibus
537 2745 547 2760 ‚
560 2733 598 2755 an
617 2732 687 2757 vox
696 2735 762 2758 non
789 2723 1041 2769 praesentantium
1065 2730 1219 2768 augeatur

271 2764 533 2801 Praesentantibus
549 2793 558 2802 .
580 2782 654 2814 ¹79·
671 2782 701 2804 2.

221 2810 269 2848 11.
293 2811 424 2849 Habens
433 2826 526 2850 unam
543 2827 659 2851 vocem
673 2819 866 2862 privativam
880 2841 890 2858 ‚
902 2819 937 2854 ὅ(
953 2819 1045 2853 aliam
1072 2828 1219 2853 accumu-

269 2859 400 2896 lativam
412 2862 527 2897 dicitur
541 2862 659 2899 habere
672 2866 872 2911 pinguiorem
893 2877 1007 2901 vocem
1019 2890 1028 2899 .
1047 2875 1059 2899 1
1069 2866 1124 2900 86.
1139 2877 1171 2911 3.

222 2901 267 2939 Π.
291 2906 422 2943 Habens
436 2920 552 2945 vocem
566 2913 685 2947 tantum
699 2914 960 2948 accumulativam
973 2914 1089 2948 dicitur
1101 2912 1220 2948 habere

272 2966 387 3035 vgcem
400 2958 591 2993 debiliorem
602 2983 613 3000 ‚
632 2960 819 2996 diminutam
832 2984 844 3001 ‚
868 2963 902 2996 δι
922 2972 986 2996 non
1001 2963 1192 3008 integram.)
1209 2984 1221 2996 .

275 3016 287 3036 ι
318 3007 349 3037 6.
364 3015 395 3048 3.

219 3047 270 3083 11.
295 3049 327 3082 Si
342 3050 491 3087 masculus
504 3077 514 3093 ‚
528 3054 563 3089 &
579 3054 709 3090 foemina
724 3054 853 3090 Patroni
867 3055 1049 3091 discordent
1075 3056 1108 3092 in
1137 3066 1222 3103 prae-

271 3095 422 3131 sentando
435 3100 598 3142 praefertur
611 3113 678 3137 vox
693 3101 819 3138 masculi
831 3126 841 3136 .
855 3114 933 3149 243.
953 3104 985 3139 8.

221 3141 268 3176 11.
295 3143 371 3179 Vox
386 3145 512 3181 masculi
525 3149 569 3181 est
587 3150 714 3195 dignior
726 3174 736 3184 .
762 3162 840 3196 243.
856 3151 890 3184 8.

219 3190 267 3228 11.
295 3190 390 3246 Vox,
411 3191 465 3228 seu
480 3204 545 3230 rata
553 3197 819 3241 Jurispa‘tronatus
831 3198 948 3233 donata
959 3197 978 3232 ὲ,
1000 3198 1143 3234 Patrono
1173 3199 1222 3233 al-

268 3247 329 3273 teri
344 3241 571 3286 Compatrono
583 3267 594 3283 ‚
611 3245 731 3279 inducit
749 3254 891 3280 naturam
911 3285 912 3288 Ἴ
926 3247 1009 3281 illius
1033 3247 1194 3291 portionis
1208 3270 1220 3288 ,

268 3287 320 3320 cui
333 3299 403 3323 vox
416 3312 425 3327 ,
438 3288 491 3324 seu
503 3298 572 3324 rata
583 3290 701 3326 donata
720 3294 842 3327 accedit
853 3317 863 3326 .
880 3298 958 3336 296.
979 3304 1032 3338 13.

222 3333 270 3367 11.
295 3333 464 3376 Majoritas
481 3347 600 3373 vocum
614 3338 735 3375 desumi
746 3352 810 3375 non
822 3341 914 3375 aliter
927 3342 1036 3382 valet,
1048 3353 1143 3387 quam
1161 3341 1221 3376 ha-

1424 28 1546 92 .³·

662 191 862 258 Index
898 191 1144 255 Rerum
1166 236 1183 265 ,
1215 189 1277 255 8<
1311 186 1714 257 Verborum.

1321 282 1391 316 bito
1400 284 1547 326 reipectu
1561 283 1598 315 ad
1613 292 1674 323 pra*
1681 277 1872 318 sentationes
1885 279 2026 323 illorum,
2042 281 2138 328 quiin
2157 280 2278 319 ultimo

1322 329 1403 366 statu
1413 329 1638 371 prael'entarunt
1653 352 1664 365 .
1681 337 1762 370 454·
1791 327 1849 373 48.

1275 375 1333 411 Vl.
1358 375 1490 411 Habens
1503 379 1658 418 majorem
1673 382 1796 421 partem
1810 374 1991 410 medietatis
2005 379 2130 415 'vocum
2141 401 2154 419 ‚
2163 377 2287 414 dicitur

1323 424 1442 459 habere
1454 433 1557 460 totam
1581 424 1785 460 medietatem
1801 446 1811 457 .
1823 426 1906 469 467.
1923 425 1957 456 6.
2024 462 2026 464 v

1275 471 1334 509 IV.
1359 472 1439 507 vox
1449 472 1588 509 duorum
1597 472 1758 511 haen-edum
1769 472 1858 508 unius
1877 470 2035 511 Patroni,
2057 480 2179 523 tantun:
2191 485 2286 520 opo-

1327 527 1415 554 ratur
1430 543 1441 559 ‚
1452 522 1606 567 quantum
1623 532 1691 557 vox
1702 519 1815 556 decem
1828 517 1991 555 haeredum
2007 519 2138 558 alterius
2159 521 2286 558 Patro-

1327 578 1380 604 ΠΙ,
1451 591 1460 604 ο
1499 592 1509 605 v
2205 584 2217 610 ζ

1281 614 1344 653 1V.
1370 579 1720 661 Vgges⁵provenientes
1741 614 1758 649 a
1787 612 1920 651 diversis
1948 611 2105 660 ssipitibus
2127 628 2193 654 non
2211 614 2283 653 ruht

1328 663 1578 708 coniungibiles.
1601 663 1658 706 48.
1676 675 1730 709 ¹4·
2276 678 2280 683 ·

1280 710 1323 746 V.
1350 710 1577 755 Voxfaeculum
1589 710 1634 745 est
1651 720 1725 756 apta
1735 720 1807 746 nata
1820 720 1887 746 non
1909 708 2012 747 solum
2036 708 2076 743 ad
2103 710 2288 756 exprimen-
2334 738 2336 741 ,
2388 683 2392 722 ¹¹

1331 757 1407 793 dum
1420 758 1554 804 spatium
1565 766 1691 796 centurn
1706 770 1862 794 annorum
1872 780 1883 798 ‚
1896 755 1950 793 sed
1961 757 2059 794 etiam
2071 758 2112 796 ad
2125 759 2287 796 denotan-

1330 807 1407 840 dum
1422 805 1576 842 mundum
1587 829 1598 846 ,
1618 818 1694 853 ¹34·
1711 817 1740 840 1.
1754 831 1763 846 ,
1778 809 1812 842 &
1825 820 1860 855 4.

1279 854 1323 890 V.
1349 854 1482 889 Publica
1496 865 1567 891 vox
1578 855 1634 894 ,δε
1648 854 1772 894 samaia
1795 853 1936 903 antiquis
1959 855 2076 899 probat
2089 877 2102 890 .
2124 863 2204 902 ²¹5·
2224 853 2286 901 3⁸3

1326 901 1459 946 Amplia
1470 924 1481 941 ,
1503 911 1540 937 ut
1549 901 1599 938 ibi
1612 925 1622 936 .

1375 948 1459 985 Vide
1473 949 1505 988 in
1516 950 1607 991 verb.
1619 950 1868 999 ‘Juspatronatus
1880 951 1916 986 in
1922 960 2043 999 genere
2054 971 2068 983 .

1581 1047 1991 1088 USUARIUS.

1283 1141 1312 1178 Ι.
1333 1143 1446 1179 Invito
1463 1143 1594 1179 usuario
1609 1154 1705 1178 nemo
1719 1140 1823 1188 potest
1836 1141 2005 1183 habitare,
2028 1141 2065 1179 δε
2087 1139 2168 1175 alios
2193 1138 2287 1178 ιᾶιιε

1332 1202 1490 1228 exercere
1514 1192 1545 1226 in
1559 1194 1628 1233 ejus
1641 1190 1741 1226 fundo
1755 1213 1766 1224 .
1778 1201 1838 1235 90.
1855 1201 1887 1224 2.

1481 1287 2079 1334 usurRucTuARwS.

1279 1382 1340 1418 tv.
1363 1383 1622 1423 usufructuarii,
1636 1381 1767 1432 quando
1780 1382 1920 1417 invicem
1943 1381 1978 1416 se
2003 1379 2183 1427 impediunt
2209 1379 2287 1418 itm

1327 1433 1533 1476 perceptione
1547 1428 1773 1468 Ususfmffiss,
1799 1429 1908 1474 Judex
1926 1437 2054 1464 tenetur
2078 1438 2138 1463 eos
2163 1437 2288 1476 εοεαε

1327 1477 1368 1513 ad
1381 1477 1570 1514 divisionem
1584 1477 1714 1512 alternis
1725 1476 1850 1511 vicibus
1862 1499 1873 1510 .
1895 1480 1954 1521 63.
1966 1487 2002 1521 4
2046 1520 2047 1523 Ἰ
2234 1490 2258 1510 ,2-

1554 1571 2027 1618 USVURARIUS.

1284 1678 1314 1712 1.
1338 1670 1504 1705 usurarius
1518 1668 1701 1705 manifestus
1709 1667 1888 1715 praesentari
1900 1677 1965 1701 non
1989 1663 2099 1711 potest
2109 1664 2152 1702 ad
2164 1665 2288 1704 bnefi—

1333 1719 1381 1752 cia
1393 1716 1609 1752 Ecclesiastica
1620 1740 1630 1751 .
1643 1727 1722 1751 201.
1742 1727 1797 1763 14.

1485 1790 2026 1852 ‘USURPAT10.

1282 1908 1325 1944 V.
1350 1908 1576 1954 usurpationis
1588 1907 1793 1954 praesumptio
1810 1907 1896 1943 nulla
1909 1905 1994 1941 cadit
2010 1905 2043 1940 in
2056 1903 2207 1955 Patronis
2216 1904 2289 1942 Re-

1330 1957 1492 2003 gularibus
1507 1980 1518 1990 .
1543 1967 1561 2002 3
1573 1965 1627 1990 12.
1640 1965 1694 2001 31.
2247 1979 2250 1982 .

1281 2004 1324 2039 V.
1351 2004 1568 2048 Usurpationis
1579 2003 1783 2051 praesumptio
1795 2004 1888 2040 ceffat
1900 2003 1934 2038 in
1957 1999 2100 2036 Ecclesia
2115 1998 2284 2038 Patrona.

1331 2061 1408 2088 221·
1425 2063 1477 2086 ¹0·
1854 2063 1863 2069 ⁴*

1680 2150 1885 2187 USUS.

1280 2243 1309 2280 I.
1335 2243 1485 2286 ACtualis
1497 2245 1569 2281 usus
1578 2257 1616 2280 an
1629 2244 1667 2281 fit
1678 2243 1861 2291 separabilis
1881 2241 1900 2276 ὲ
1913 2239 2062 2277 dominio
2075 2238 2284 2286 propitiatis

1335 2307 1346 2326 ι
1401 2317 1411 2327 .
1433 2293 1485 2327 18.

1283 2343 1331 2376 11.
1354 2303 1424 2374 isus
1437 2340 1545 2376 Mitrae
1559 2365 1569 2382 ,
1582 2341 1616 2376 &
1631 2339 1744 2375 Baculi
1756 2338 1918 2373 conceffus
1944 2335 2039 2370 alicui
2070 2333 2230 2380 Dignitati
2251 2333 2288 2370 in

1330 2387 1517 2423 cathedrali
1532 2413 1541 2429 ‚
1557 2388 1610 2423 seu
1621 2388 1806 2433 Collegiata
1818 2397 1883 2421 non
1896 2381 1985 2418 estin
2007 2381 2072 2428 ipsa
2082 2381 2204 2429 fignum
2225 2381 2287 2424 Ju-

1329 2435 1523 2471 risdidionis
1538 2460 1548 2470 .
1562 2447 1600 2480 25
1609 2449 1638 2482 7.
1641 2434 1688 2519 ἀγὲ
1795 2462 1798 2464 >
1827 2478 1835 2482 μ
2188 2430 2197 2441 ’

1281 2480 1326 2516 11.
1350 2482 1520 2518 Translato
1531 2485 1626 2518 titulo
1667 2517 1670 2519 ,
1687 2482 1822 2517 nationis
1833 2478 2143 2531 Jurepatronatusin
2160 2476 2286 2512 Extra-

1329 2541 1425 2566 neum
1434 2543 1473 2565 an
1487 2531 1519 2565 in
1533 2543 1605 2566 eum
1620 2520 1781 2572 cknseatur
1793 2572 1795 2574 q
1809 2529 1996 2564 translatum
2017 2527 2091 2562 ulus
2114 2525 2288 2560 alimento-

1329 2589 1400 2613 rum
1414 2602 1423 2612 .
1440 2591 1518 2624 297.
1535 2590 1564 2613 2.
1578 2579 1612 2614 ὃ(
1629 2575 1701 2624 pa}
1718 2578 1836 2622 298.9.
1857 2577 1891 2612 &
1908 2575 1975 2622 seq.
2193 2602 2223 2628 ‘2

1280 2624 1323 2659 ΙΙ.
1349 2625 1432 2660 usus
1444 2621 1974 2672 quaestorumffemCouectorum
1985 2643 1999 2662 ,
2025 2621 2062 2656 δι
2074 2617 2287 2664 *perquisito-

1326 2684 1398 2708 rum
1419 2672 1714 2718 eleemosynarum,
1739 2683 1778 2709 an
1795 2671 1832 2707 fit
1855 2682 1914 2716 per
1939 2669 2128 2706 Concilium
2150 2665 2289 2704 Triden-

1328 2722 1428 2756 tinum
1441 2721 1578 2756 abolitus
1593 2744 1603 2754 .
1619 2724 1695 2756 262.
1714 2730 1741 2754 1.
1753 2720 1808 2760 ‚&
1824 2722 1902 2755 266.
1926 2726 1978 2761 13.

1279 2768 1325 2802 11.
1351 2768 1428 2804 Non
1443 2768 1515 2803 usus
1533 2767 1768 2803 constitutionis
1782 2767 1913 2801 excusat
1929 2776 1990 2811 pro
2017 2759 2167 2800 evitanda
2188 2772 2285 2808 poena

1326 2817 1514 2858 privationis
1525 2815 1569 2850 ibi
1584 2815 1732 2861 impofita
1746 2840 1756 2851 .
1768 2817 1850 2861 364.
1866 2824 1899 2859 5.

1580 2910 1981 2949 UTILITAS.

1280 3006 1307 3043 Ι.
1332 3006 1462 3043 Utilitas
1470 3005 1516 3041 est
1528 3005 1633 3042 Causa
1646 3005 1749 3042 finalis
1760 3003 1937 3045 alienandi,
1947 3004 1984 3039 &
1998 3000 2165 3049 obligandi
2188 3001 2282 3039 Bona

1329 3055 1545 3091 Ecclefiassica
1558 3077 1568 3089 .
1585 3066 1598 3086 ι
1607 3065 1660 3101 ¹7·
1676 3063 1731 3099 17.
1743 3053 1890 3099 Intelligc
1901 3075 1914 3094 ,
1926 3059 1962 3086 ut
1972 3049 2024 3087 ibi
2035 3073 2048 3084 .

1669 3151 1899 3188 UXOR.

1279 3245 1324 3283 11.
1348 3247 1441 3282 Uxor
1452 3245 1522 3292 post
1538 3253 1678 3282 mortem
1702 3244 1773 3280 Viri
1794 3242 1985 3279 contrahens
2011 3239 2282 3283 matrimonium-9

1328 3294 1449 3339 privari
1460 3294 1557 3329 debet
1569 3293 1694 3339 Legato
1709 3289 1727 3324 ὲ
1739 3292 1821 3327 Viro
1833 3292 1864 3325 ei
1878 3289 2014 3331 relicto,
2031 3289 2135 3325 donec
2145 3285 2282 3333 ipsa'wi·

1329 3342 1415 3377 xerit
1426 3341 1508 3377 caste
1520 3365 1531 3383 ,
1558 3343 1593 3378 &
1606 3339 1738 3375 honeste
1752 3362 1760 3374 .
1775 3342 1854 3388 366.
1870 3341 1905 3374 6.

774 3436 893 3486 finis
930 3436 1092 3487 Indicis
1127 3440 1329 3501 Rerum,
1367 3453 1434 3497 εγ
1470 3439 1740 3502 γενὺονιιηπ.
