2392 3730
238 202 370 274 104·

544 326 945 365 REMISSIO.

234 426 282 461 Π.
306 421 458 458 Remiffio
473 421 741 470 Jurispatronatus
754 421 844 467 argui
858 431 921 455 non
935 418 1039 465 potest
1055 431 1099 455 ex
1114 418 1233 464 simpli-

283 471 314 505 ci
326 471 494 504 tolerantia
506 469 695 504 Fundatoris
712 493 722 509 ,
735 468 824 514 quod
844 466 981 502 Ecclesia
1006 479 1067 512 pro
1092 469 1232 512 prima-

283 519 358 552 vice
374 516 474 551 libere
487 517 694 563 provideatur
708 517 749 552 ab
759 516 924 552 ordinario
933 537 954 556 -,
966 514 1053 550 secus
1065 527 1109 551 ex
1120 515 1236 561 longe-

283 576 326 601 va
336 564 505 600 tolerantia
519 589 530 600 .
545 576 622 611 59¹·
637 578 689 606 2.,
702 567 735 600 &
745 565 811 610 seq.

492 660 1003 700 R.E·M1=SSOR1A.

239 758 285 791 11.
313 758 427 791 Petens
444 754 648 789 remissoriam
662 779 674 796 ‚
694 757 728 791 &
754 753 1014 799 Compulsoriam
1039 756 1240 791 levitatem

285 803 408 839 suarum
424 802 655 847 probationum
667 802 818 849 implicite
833 803 952 837 fatetur
964 825 974 835 .
985 806 1075 850 1453.
1089 814 1147 850 47.

403 894 603 931 REMOT
621 895 686 930 10
718 897 1075 934 REMOVERE.

331 989 417 1026 Vide
426 990 460 1026 in
471 975 562 1026 verb.
573 993 706 1028 Amotio
715 1016 727 1033 ,
740 998 903 1030 Amovere
918 1015 930 1033 ,
943 992 1072 1028 Elenus
1082 1015 1094 1027 .

477 1085 1014 1125 RENUNCIANS.

236 1179 279 1216 Π.
304 1181 502 1216 Renuncians
511 1181 614 1217 redire
625 1194 689 1218 non
705 1181 811 1228 potest
825 1183 864 1218 ad
879 1182 969 1218 Bona
993 1183 1238 1223 renunciata-‚5

286 1229 416 1275 quando
428 1230 628 1265 renunciatio
640 1230 684 1264 est
700 1232 792 1266 realis
805 1255 821 1272 r,
833 1232 867 1266 &
886 1231 1063 1266 abdicativa
1075 1255 1085 1265 .
1111 1243 1128 1266 2
1134 1244 1188 1277 37.
1201 1234 1235 1266 6.

287 1276 374 1311 secus
387 1277 408 1310 fi
418 1279 616 1313 renunciatio
628 1278 666 1313 fit
676 1277 857 1324 simpliciter
883 1279 1056 1323 personalis
1071 1277 1118 1313 ibt
1131 1293 1165 1326 7.

236 1323 301 1360 IV.
325 1324 520 1360 Renuncians
536 1325 775 1360 univerfitatem
790 1326 955 1362 Bonorum
970 1350 980 1367 ‚
1005 1327 1056 1360 cui
1071 1326 1115 1360 est
1139 1338 1238 1362 anne-

285 1382 364 1406 xum
380 1371 619 1415 Juspatronatus
631 1395 641 1411 ‚
655 1372 703 1406 fia
717 1374 874 1419 principio
899 1385 962 1408 non
983 1375 1104 1419 excipit
1123 1374 1238 1420 Juspa-

286 1425 433 1451 tronatus
446 1418 557 1453 adflata
570 1419 789 1454 Univerfitate
800 1443 810 1461 ,
823 1432 886 1455 non
899 1420 1002 1466 potest
1030 1433 1071 1455 ex
1090 1421 1160 1467 post
1189 1421 1238 1457 fa-

287 1463 344 1498 cto
356 1465 426 1507 Juri
438 1465 572 1512 quaesito
585 1466 714 1501 alterius
724 1468 944 1513 praejudicium
955 1468 1074 1504 inferre
1083 1493 1093 1503 .
1107 1473 1164 1515 46.
1177 1484 1216 1515 9.

476 1565 1016 1604 RENUNCIARE.

241 1656 269 1691 1.
295 1656 404 1694 Nemo
436 1658 541 1705 potest
559 1661 743 1695 renunciare
776 1660 848 1708 Jnri
862 1683 874 1700 ,
899 1660 988 1707 quod
1024 1673 1090 1696 non
1115 1662 1212 1699 habet
1228 1687 1238 1698 .

293 1710 369 1741 160.
385 1711 419 1743 6.

239 1749 282 1785 V.
307 1753 400 1790 Ceffa
412 1780 422 1796 ‚
436 1767 471 1790 ac
486 1757 666 1790 renunciata
684 1753 701 1788 ὲ
717 1755 862 1790 debitore
886 1763 956 1790 tota
977 1756 1165 1793 haereditate
1177 1783 1187 1799 ‚
1208 1760 1238 1794 in

287 1810 350 1845 qua
363 1803 461 1838 adsint
475 1802 618 1837 Ecciefiae
641 1802 735 1842 huius
761 1802 889 1836 Domus
913 1805 969 1843 ,&
995 1805 1238 1851 Juspatronatus

285 1847 401 1883 favore
412 1851 620 1885 Creditorum
632 1874 642 1890 ,
658 1861 718 1890 an,
743 1851 777 1885 &
792 1849 964 1894 quando-in
979 1852 1037 1886 hos
1049 1855 1238 1890 translata-³

287 1896 430 1933 dicantur
443 1898 582 1933 Ecclesia
597 1898 778 1937 materialis,
793 1897 885 1938 huius
901 1896 1031 1934 Domus
1046 1924 1057 1940 ‚
1071 1912 1106 1935 ac
1129 1902 1239 1948 Juspa-

287 1950 431 1980 tronatus
442 1970 451 1980 .
469 1956 481 1979 1
493 1957 544 1979 ιο.
564 1957 618 1991 24.
631 1969 642 1985 ‚
655 1947 687 1979 ὅ(
702 1946 766 1989 seq.

239 1986 282 2021 V·
307 1991 390 2027 Quis
404 1995 434 2027 in
446 1993 626 2039 pluralitate
638 1992 762 2036 Jnrium
786 1991 841 2026 fibi
864 1997 1139 2038 competentium,
1160 1998 1238 2032 illo-

284 2048 354 2074 rum
364 2041 494 2086 aliquod
508 2040 706 2076 enunciando
718 2063 727 2079 ,
754 2041 806 2073 vel
831 2041 1019 2086 allegando,
1035 2046 1158 2080 caeteris
1175 2057 1235 2079 ne-

285 2096 445 2132 quaquam
469 2090 653 2123 renunciare
677 2089 790 2122 dicitur
804 2110 815 2126 ,
848 2089 1014 2136 minusque
1038 2092 1166 2128 illorum
1188 2095 1237 2128 in-

286 2137 534 2180 competentiam
554 2135 665 2171 fateri.
683 2144 757 2181 130.
779 2147 833 2182 42.

450 2231 1035 2271 RENUNCIATIO-

239 2328 269 2362 1.
294 2325 506 2363 Renunciatio
515 2326 669 2362 Beneficii
682 2329 825 2375 Litigiosi
849 2332 879 2365 in
901 2331 1056 2367 manibus
1070 2331 1232 2370 Ordinarii

289 2374 403 2419 absque
416 2373 608 2410 auetoritate
622 2375 799 2420 Superioris
810 2402 821 2418 ,
835 2390 872 2412 an
883 2378 920 2412 fit
932 2379 1037 2414 valida
1057 2404 1067 2414 .
1086 2382 1160 2425 138.
1178 2393 1232 2415 20.

240 2421 270 2455 1.
295 2420 505 2457 Renunciatio
517 2422 759 2458 Beneficiifacta
772 2437 803 2460 in
814 2426 954 2461 manibus
968 2425 1098 2461 Patroni
1123 2427 1209 2462 Laici
1220 2451 1232 2468 ‚

291 2480 329 2502 an
340 2468 468 2505 fitnulla
481 2495 490 2504 .
521 2475 600 2505 160.
617 2482 645 2515 5.

247 2516 276 2549 1.
298 2515 512 2553 Renunciatio
528 2518 658 2563 quando
683 2518 728 2551 est
752 2520 975 2556 conditionalis
998 2522 1110 2556 favore
1139 2530 1233 2557 certae

287 2562 434 2600 Personae
444 2577 508 2600 non
521 2566 624 2601 oritur
640 2567 766 2602 vacatio
778 2566 932 2603 Beneficii
955 2570 1011 2604 nisi
1024 2570 1138 2605 favore
1150 2571 1233 2605 illius

288 2610 436 2647 Personae
450 2637 460 2646 .
476 2617 552 2649 160.
567 2615 600 2648 8.

240 2657 290 2691 11.
315 2659 527 2695 Renunciatio
538 2662 719 2707 quotuplex
734 2661 790 2697 fit.
813 2663 868 2698 88.
897 2674 948 2699 11.

238 2701 286 2739 11·
310 2706 348 2742 In
361 2709 492 2743 materia
502 2710 745 2744 renunciationis
768 2711 901 2756 procedi
924 2711 1020 2746 debet
1040 2711 1215 2748 ressrifflve
1224 2736 1235 2753 ‚

288 2757 368 2790 itaut
379 2765 502 2791 tantum
512 2758 616 2802 capiat
628 2780 639 2797 ,
661 2767 816 2802 quantum
838 2759 937 2793 verba
959 2759 999 2793 de
1021 2760 1234 2796 necessitate.)

290 2803 420 2838 sonant.
431 2804 486 2847 89.
500 2815 552 2849 14.

241 2848 284 2884 ΙΙ.
308 2852 521 2886 Renunciatio
533 2852 675 2897 regulata
689 2851 706 2886 a
718 2852 822 2887 Causa
834 2854 966 2889 omnino
979 2854 1158 2898 personali,
1180 2855 1232 2889 ni·-

289 2899 404 2933 mirum
416 2910 459 2933 ex
471 2898 588 2933 affectu
601 2923 611 2939 ‚
637 2900 672 2935 &
684 2912 795 2936 amore
807 2912 884 2948 erga
894 2909 1014 2937 certam
1032 2902 1231 2948 personam-2

291 2946 337 2979 est
351 2944 521 2990 personalis
538 2971 548 2981 .
569 2956 644 2993 237.
657 2948 690 2982 8.

245 2991 292 3026 11.
315 2992 527 3028 Renunciatio
539 2994 617 3029 nulli
628 2995 681 3029 alii
694 2995 837 3040 prodesse
848 2995 953 3041 potest
963 2996 1039 3037 ,nisi
1051 2998 1082 3032 ei
1096 3005 1232 3038 tantum,

238 3055 240 3058 ·
291 3041 380 3078 cuius
391 3043 660 3087 contemplatione
669 3041 753 3077 faeta
763 3042 824 3077 fuit
837 3067 846 3076 .
872 3056 909 3089 23
916 3057 949 3089 7.
965 3045 997 3078 8.

244 3084 290 3120 11.
315 3086 526 3122 Renunciatio
537 3091 566 3123 in
585 3089 686 3124 dubio
702 3090 823 3135 semper
834 3092 1070 3136 interpretanda
1083 3093 1172 3127 venit
1186 3092 1232 3127 fa-

294 3143 374 3167 vore
386 3134 629 3176 Renunciantis.
656 3138 732 3182 238.
760 3148 771 3170 1
783 3148 812 3172 1.

242 3175 289 3218 Ῐῐ.
315 3181 524 3217 Renunciatio
532 3184 797 3229 jurispatronatus
811 3197 873 3220 una
884 3198 956 3223 cum
983 3186 1230 3225 Univerfitatw

290 3228 458 3263 Bonorum
474 3231 576 3264 emissa
590 3231 608 3264 a
622 3232 767 3266 Patrono
779 3233 957 3275 {occafione
980 3233 1135 3281 Ingressus
1155 3237 1231 3270 iti-,s

289 3272 516 3320 Religionem,
539 3288 577 3311 an
602 3279 806 3322 praesumatur
828 3281 1004 3318 abdicativa
1013 3306 1024 3323 ‚
1055 3285 1089 3319 &
1112 3284 1204 3318 realis
1219 3307 1231 3318 .

294 3326 371 3364 236.
384 3335 416 3367 5.
429 3347 440 3363 ,
465 3325 499 3359 &
510 3335 666 3370 pag.239.
687 3336 739 3369 15.

242 3366 286 3402 Π.
311 3369 520 3406 Renunciatio
531 3373 712 3418 quotuplex
722 3373 759 3409 fit
772 3399 783 3410 .
798 3387 873 3422 237.
892 3380 925 3412 6.
936 3400 947 3417 ‚
971 3377 1006 3412 &
1027 3378 1092 3424 seq.

238 3414 289 3450 Π·
312 3418 523 3453 Renunciatio
534 3419 803 3466 Jnrispatronatus
827 3434 961 3460 unacum
986 3425 1232 3463 Universxtatm

290 3461 458 3501 Bonorum
470 3470 628 3516 concepta
640 3467 658 3502 ὲ
683 3467 826 3506 Patrono
839 3471 1007 3507 occasione
1026 3474 1178 3519 ingrersus
1198 3475 1234 3510 in

740 178 944 250 Index
973 178 1260 258 Rerum*⁹
1293 177 1361 250 Et
1393 176 1800 247 verboruma

1337 271 1545 318 Religionem
1556 283 1599 306 ex
1609 272 1725 307 affectu
1740 283 1818 319 erga
1831 281 1890 307 eos
1903 271 1945 306 de
1965 270 2116 319 sanguine
2125 268 2172 305 est
2183 269 2302 307 Perso-

1338 319 1417 354 nalis
1430 342 1441 360 ‚
1455 319 1549 361 &his
1557 320 1706 356 omnibus
1717 317 1876 358 defunctis
1903 320 1997 356 cessat
2017 319 2219 356 renunciatio
2233 342 2246 360 ,
2261 319 2301 356 Sc
2343 353 2347 356 ,

1337 363 1582 412 Juspatronatus
1596 367 1678 402 redit
1690 368 1740 412 ad}
1750 366 1982 403 Monasterium
2005 379 2048 403 ex
2069 365 2210 403 Persona
2232 366 2299 402 1³2·

1341 416 1425 450 troni
1439 415 1574 453 Profeffi
1587 416 1801 451 renunciantis
1814 439 1824 457 ,
1835 427 1902 451 non
1916 417 1999 451 vero
2013 415 2177 453 tranfitad
2196 415 2300 451 δτι-οι

1341 461 1399 496 des
1411 462 1609 498 Extraneos.
1623 475 1698 508 237.
1719 464 1753 499 8.
1766 488 1776 504 ‚
1792 465 1828 500 &
1840 463 1906 509 seq.
1919 462 2048 507 Amplia
2062 487 2074 499 .
2097 475 2176 510 239.
2192 467 2252 499 16-

1295 507 1341 543 ΙΙ.
1367 510 1581 546 Renunciatio
1594 511 1668 545 cum
1680 509 1718 545 fit
1729 511 1841 548 odiosa
1862 511 1909 546 est
1934 508 2040 548 strifflz
2067 511 2301 558 intelligendu

1351 557 1427 598 238.
1449 569 1503 593 10.
2000 584 2003 588 s
2241 571 2245 598 ἲ

1297 607 1346 643 11.
1371 605 1586 643 Renunciatio
1597 605 1862 652 Jurispatronatus
1873 619 1934 643 una
1946 617 2020 643 cum
2045 604 2293 646 Univerfitato

1345 651 1513 687 Bonorum
1525 653 1632 688 emissa
1643 652 1660 686 a
1671 653 1814 689 Patrono
1827 655 1972 692 Professo
1997 665 2061 688 non
2083 657 2297 699 comprehen-

1345 700 1394 734 dit
1405 700 1645 748 Juspatronatus
1661 701 1802 737 futurum
1819 701 1980 738 excausa
1992 712 2079 736 nova
2101 701 2145 737 de
2164 702 2274 739 futuro
2283 729 2298 746 ‚

1348 747 1497 783 nimirum
1511 748 1658 783 relietum
1669 749 1708 783 ab
1717 751 1885 786 Extraneo
1903 748 1973 795 post
1999 751 2273 787 renunciationem
2285 775 2297 787 .

1352 795 1431 841 238.
1442 805 1456 828 1
1467 806 1495 829 1.
1509 797 1551 831 Et
1572 798 1694 842 quare?
1718 797 1800 831 Vide
1822 798 1868 833 ibi
1895 808 1949 833 12.
1972 797 2008 833 &
2033 796 2100 843 seq.
2121 799 2297 844 Ampliu

1348 843 1394 877 ibi
1413 852 1464 886 13.

1299 888 1345 924 11.
1370 890 1588 927 Renunciatio
1598 915 1611 933 ‚
1621 891 1674 926 seu
1686 891 1876 939 Resignatio
1885 891 2040 927 Beneficii
2051 895 2232 940 quotuplex
2242 894 2297 933 fita·

1348 946 1389 983 4¹
1419 960 1429 970 ·
1443 949 1480 984 4·
2188 962 2203 970 ·’
2231 949 2254 981 st

1297 984 1358 1020 lV.
1383 951 1596 1026 lgenunciatio
1607 987 1877 1033 Jssurisparronatus
1888 988 1985 1025 debet
1996 988 2059 1024 esse
2083 988 2115 1022 in
2139 989 2299 1035 implicito

1344 1031 1426 1067 statu
1435 1032 1628 1075 validitatis,
1645 1036 1810 1082 quousque
1821 1036 2015 1078 judicialiter
2025 1037 2118 1082 super
2131 1037 2216 1074 illius
2226 1039 2300 1077 nnl-

1343 1080 1434 1115 litate
1445 1083 1690 1125 pronunciatum
1702 1083 1800 1119 fuerit
1810 1107 1820 1118 .
1835 1088 1893 1128 46.
1907 1094 1962 1118 10.
2119 1110 2122 1115 1
2166 1112 2167 1115 η
2210 1096 2215 1120 :-
2246 1117 2253 1124 .
2282 1090 2301 1122 v·

1297 1126 1355 1162 VI.
1381 1129 1444 1162 Per
1455 1130 1726 1165 renunciationem
1739 1141 1782 1166 ex
1794 1131 1898 1166 Causa
1909 1132 2151 1177 permutationis
2161 1133 2233 1178 quis
2245 1133 2298 1171 'di-

1344 1175 1427 1209 citur
1440 1177 1580 1212 civiliter
1591 1186 1737 1214 mortuus
1747 1202 1760 1220 ‚
1783 1179 1892 1225 quoad
1915 1178 2111 1216 Beneficium
2138 1180 2297 1228 Resiguav‘

1344 1229 1414 1258 tum
1429 1245 1441 1263 ,
1457 1222 1524 1258 five
1532 1227 1748 1263 renunciatum
1759 1250 1770 1260 .
1790 1237 1872 1274 324.
1887 1227 1942 1262 28.
2227 1247 2230 1248 ⁷
2247 1246 2250 1250 ·

1561 1321 2042 1363 REPARATIO.

1295 1417 1327 1452 1.
1351 1416 1531 1462 Reparatio
1555 1415 1704 1452 Ecclefiae
1741 1417 1966 1464 anteponenda
1997 1417 2045 1453 est
2077 1417 2298 1466 sustentationi

1345 1465 1553 1509 pauperum.
1571 1476 1647 1501 120.
1661 1477 1694 1511 3.
2040 1482 2043 1485 ·
2210 1480 2212 1494 ³
2258 1475 2264 1494 1
2286 1488 2291 1497 ·

1299 1508 1328 1545 1.
1353 1514 1531 1556 Reparatio
1545 1511 1688 1547 Ecclesiae
1704 1510 1903 1547 parochialis
1915 1513 2002 1557 prius
2027 1514 2150 1559 spectat
2171 1516 2213 1551 ad
2231 1516 2298 1553 Pa-

1347 1567 1475 1606 tronum
1485 1582 1498 1600 ,
1510 1560 1547 1595 ὅ(
1557 1558 1666 1604 postea
1676 1559 1716 1598 ad
1727 1559 1944 1599 parochianos
1959 1584 1970 1595 .
1987 1570 2063 1604 124.
2082 1574 2135 1601 21.
2145 1564 2202 1609 ,ἃ
2217 1564 2297 1610 quid

1347 1606 1372 1640 fi
1386 1606 1500 1640 adesset
1511 1606 1709 1642 consuetudo
1721 1608 1753 1641 in
1764 1608 1958 1643 contrarium
1967 1631 1980 1648 ‚
2003 1609 2038 1643 δι
2063 1608 2141 1656 quid
2150 1613 2300 1660 >requiri-

1348 1662 1401 1689 tur
1413 1653 1452 1688 ad
1467 1654 1531 1688 hoc
1543 1678 1555 1695 ,
1563 1663 1599 1689 ut
1613 1655 1680 1688 haec
1690 1654 1793 1689 adesse
1804 1655 1928 1689 dicatur
1943 1678 1955 1690 .
1981 1665 1996 1690 1
2005 1666 2061 1702 24.
2073 1668 2129 1693 22.

1393 1701 1476 1735 Vide
1488 1703 1519 1735 in
1531 1704 1622 1749 verb.
1647 1702 1867 1739 Parochianus
1881 1725 1892 1742 ,
1921 1705 2110 1745 varachus,
2132 1709 2302 1743 Patronus

1348 1750 1450 1797 quoad
1459 1752 1701 1796 prarationem
1713 1749 1852 1795 Ecclefiae
1862 1773 1874 1791 ,
1893 1751 2007 1798 Rqflor
2020 1775 2033 1794 ‚
2044 1759 2154 1789 Haeres
2165 1776 2178 1795 ‚
2201 1753 2297 1801 Refi-

1347 1798 1410 1833 clio
1426 1819 1437 1831 .
2204 1809 2206 1811 ’

1543 1892 2057 1934 REPART1T10.

1298 1985 1325 2023 Ι.
1351 1990 1534 2036 Repartitio
1555 1993 1763 2038 expensarum
1785 1993 1941 2029 factarum
1963 1990 1995 2024 in
2021 1988 2148 2026 tuendis
2162 1989 2293 2032 Iuribus

1344 2038 1554 2076 heclesiarum
1566 2040 1610 2074 est
1624 2043 1663 2077 ab
1676 2043 1836 2089 Episcopo
1847 2036 2052 2087 approbanda
2067 2037 2176 2074 habita
2193 2042 2295 2076 ratio·

1343 2097 1383 2120 ne
1395 2089 1434 2123 ad
1450 2090 1570 2124 lucrum
1581 2111 1592 2128 ‚
1606 2088 1659 2123 seu
1679 2089 1889 2126 commodum
1903 2109 1915 2127 ,
1940 2084 2030 2131 quod
2051 2096 2297 2139 unaquaeque,>

1342 2132 1479 2170 Ecclesia
1493 2145 1659 2181 reportare
1675 2139 1795 2184 poterit
1806 2160 1819 2177 ‚
1841 2138 1877 2173 &
1889 2133 1930 2171 ad
1951 2140 2162 2179 quantitatem
2183 2134 2293 2171 tecffli-

1301 2211 1303 2214 .
1320 2212 1322 2215 .
1341 2188 1430 2219 tuum
1441 2184 1626 2220 earumdem
1637 2209 1647 2219 .
1667 2190 1742 2221 116.
1759 2189 1814 2222 16.
2224 2191 2230 2198 ’

1529 2251 2123 2316 ΚΕΡυῡιΑΤΙο.’

1292 2374 1318 2410 Ι.
1343 2375 1538 2421 Repudiatio
1549 2375 1663 2423 Legati
1686 2376 1758 2412 fieri
1783 2385 1847 2410 non
1867 2371 1974 2420 potest
1998 2372 2119 2420 absque
2135 2376 2290 2415 consensu

1343 2424 1496 2458 Patroni.
1511 2425 1631 2472 278.4

1294 2477 1322 2508 1.
1347 2472 1543 2516 Repudiatio
1555 2473 1667 2519 Legati
1678 2473 1765 2507 utilis
1777 2470 2013 2516 cappellani&
2041 2468 2110 2505 five
2121 2469 2289 2509 Beneficio

1341 2517 1425 2554 faeta
1436 2518 1551 2564 absque
1563 2519 1715 2556 consensu
1727 2520 1859 2554 Patroni
1871 2518 1915 2552 est
1925 2518 2010 2552 nulla
2021 2539 2030 2550 .
2045 2518 2124 2565 278.
2136 2531 2170 2556 2·
2281 2549 2285 2553 ,

1294 2565 1339 2601 11.
1365 2566 1563 2611 Repudiatio
1574 2568 1767 2602 haereditatis
1777 2566 1823 2600 est
1833 2567 1919 2601 nulla
1930 2576 1996 2601 non
2023 2564 2156 2601 servatis
2167 2565 2288 2602 soleni-

1344 2614 1493 2648 nitatibus
1503 2615 1661 2662 requifitis
1674 2640 1684 2650 .
1699 2627 1774 2659 ¹09·
1788 2615 1843 2649 28.
2025 2659 2031 2666 1

1295 2660 1338 2696 11.
1364 2661 1560 2705 Repudiatio
1571 2663 1838 2708 jurispatronatus
1855 2659 2046 2695 haereditarii
2058 2660 2128 2696 fieri
2148 2673 2213 2697 non
2231 2669 2292 2707 poi·

1343 2708 1399 2742 test
1420 2708 1437 2742 ·.“1
1454 2708 1570 2753 femina
1582 2711 1696 2756 absque
1708 2710 1825 2744 debitis
1836 2707 1991 2754 requisitis
2003 2731 2015 2749 ‚
2036 2709 2071 2744 &
2084 2708 2291 2748 solemnitati-

1342 2756 1401 2792 bus
1415 2779 1425 2789 .
1441 2767 1519 2801 109.
1535 2760 1589 2794 28.

1528 2850 2049 2898 REQJISITUM.

1290 2947 1318 2984 I.
1344 2950 1430 2996 Qae
1444 2949 1502 2985 fint
1527 2950 1676 2996 requifita
1696 2950 1735 2985 ad
1757 2951 1963 2987 obtinendam
1982 2948 2232 2991 Parochialem.
2250 2950 2287 2988 Bt

1338 3000 1455 3043 quibus
1475 3000 1673 3043 temporibus
1696 3009 1888 3034 concurrere
1910 2999 2050 3036 debent.
2075 2997 2154 3043 248.
2167 3011 2228 3044 9.·,
2250 2999 2289 3035 &

1290 3045 1444 3138 11.se3⁴u3
1460 3092 1517 3127 sint
1529 3093 1677 3138 requisita
1689 3098 1783 3129 Text.
1791 3095 1825 3130 in
1838 3097 1916 3142 Cap.
1932 3094 2025 3132 Lice‘t
2044 3104 2089 3129 ex
2099 3095 2234 3140 quadam
2246 3093 2285 3129 cle

1337 3139 1497 3182 restibus.
1511 3152 1566 3187 55.
1583 3145 1638 3178 26.
2283 3173 2287 3175 .

1717 3236 1869 3274 RES.

1291 3337 1322 3371 1.
1347 3333 1412 3368 Res
1423 3334 1594 3376 Ecclesiae,
1618 3335 1655 3372 &
1669 3334 1876 3371 Clericorum
1901 3333 2050 3369 dicuntur
2073 3334 2135 3370 esse
2155 3333 2283 3381 Paupe-

1292 3430 1321 3462 Γ.
1339 3392 1410 3463 11ῗὲ
1419 3387 1600 3466 ’81120612ςῇ00
1612 3429 1716 3475 potest
1728 3431 1849 3478 imponi
1859 3429 1994 3465 servitus
2009 3454 2020 3465 .
2038 3430 2118 3466 268.
2134 3439 2190 3474 19.

1292 3475 1322 3510 1.
1346 3472 1413 3513 Res
1425 3478 1530 3514 Sacrae
1543 3502 1556 3520 ‚
1567 3481 1603 3515 &
1614 3480 1693 3515 Deo
1706 3479 1817 3515 dicatae
1829 3480 1863 3514 in
1874 3479 1968 3516 ullius
1980 3478 2175 3515 commercio
2184 3477 2286 3560 είξζὲ
