2476 3788
240 293 937 350 ARGUMENTUM.

82 402 364 456 Terminus
397 397 426 451 εὶ
452 404 577 468 Jure
598 437 612 459 ‚
646 396 734 453 vel
770 396 833 450 ab
862 398 1099 450 Homine

92 547 97 558 Χ
165 482 219 533 in
271 477 453 531 limine
492 476 812 530 fundationis
858 473 1094 548 praefixus

166 561 394 612 Patrono
413 556 478 610 ad
493 553 928 628 praesentandum‚
946 552 972 606 :i
991 574 1098 628 quo

167 638 254 690 die
294 637 509 709 incipiat
551 654 762 689 currere
795 672 810 695 ‚
851 637 906 687 &
939 654 1003 685 an
1035 630 1095 685 fit

165 713 443 791 servandus
485 717 538 768 in
569 713 920 788 Cappellaniis
951 710 1097 768 mere

148 792 454 849 laicalibus.

279 920 306 960 s
339 920 380 960 u
411 919 455 959 M
488 917 603 978 ΜΑ
637 915 719 958 111
751 916 792 956 U
824 915 900 957 M.

120 1026 138 1052 1
176 1013 371 1052 Patronus
386 1011 462 1067 nisi
474 1011 682 1064 praesentet
707 1006 824 1048 intra*
839 1004 1050 1047 terminum
1067 1002 1096 1042 d

202 1075 238 1130 “J
242 1086 311 1112 ure
310 1071 515 1124 statutum
529 1099 542 1120 ,
572 1068 748 1121 Provisio
763 1064 949 1119 Beneficii
974 1063 1093 1105 libere*

203 1130 443 1173 devolvitur
456 1132 512 1172 ad
524 1129 781 1174 Ordinarium
794 1155 806 1166 .
819 1127 983 1167 -Limita
999 1153 1013 1173 ,
1048 1136 1092 1165 ut

173 1213 175 1216 .
204 1204 359 1233 numa.
377 1195 416 1233 <Sc
434 1204 472 1243 3.

0 1299 1 1302 ,
114 1266 143 1306 4
175 1251 429 1304 Praesentatio
448 1251 571 1306 faeta
603 1249 729 1292 extra
744 1260 893 1302 tempus
912 1246 939 1286 d
958 1246 1092 1297 jure„

0 1307 2 1368 ξ
196 1313 408 1368 praefixum
424 1340 437 1361 ‚
469 1312 614 1354 nullum
637 1311 705 1362 jus
721 1307 864 1350 tribuit
874 1305 1093 1360 praest’nta-

0 1373 2 1422 Ξ
205 1384 245 1414 to
261 1401 275 1420 ‚
298 1387 365 1413 nec
376 1371 562 1426 impedire
579 1367 1001 1412 valetdevolutionem
1016 1371 1092 1408 Be-

205 1432 330 1488 neficii
347 1432 403 1473 ad
415 1431 696 1474 Ordinarium.

119 1507 138 1546 5
174 1492 337 1537 Collatia
357 1492 540 1548 Beneficii
541 1493 664 1547 fac'la
681 1491 708 1532 d
722 1489 914 1531 Collatore
932 1515 945 1535 ‚
963 1485 1090 1541 elapso

191 1551 381 1606 semestri
396 1581 410 1601 ,
440 1553 590 1594 nullum
604 1554 673 1606 jus
688 1550 832 1592 tribuit
849 1576 860 1588 .

117 1619 153 1655 6>
171 1615 447 1658 'clementina
463 1614 571 1656 Cum
589 1614 628 1654 ei
645 1612 698 1653 de
713 1605 900 1652 concess.
918 1608 1090 1663 preben.

205 1674 246 1715 in
257 1674 445 1730 quostnsu
458 1675 642 1730 loquatur
661 1674 678 1713 ἒ
699 1671 798 1715 vide
817 1682 952 1712 num-2
967 1681 1002 1707 1.

0 1743 9 1804 i
119 1747 144 1785 7
181 1733 390 1775 Terminus
405 1735 431 1774 a*
452 1735 543 1786 jure
558 1732 770 1792 afflgnatus
785 1731 840 1771 ad
851 1729 1092 1784 preest-ntan-

203 1795 294 1836 dam
307 1794 440 1849 incipit
455 1807 610 1835 currere
626 1806 700 1834 non
716 1792 743 1833 d
760 1790 822 1832 die
837 1787 1086 1836 vacationis,

190 1855 268 1908 sed
280 1855 306 1894 a
321 1854 383 1895 die
399 1867 505 1896 vera
516 1882 530 1903 ‚
563 1854 611 1898 ὠ·
627 1863 742 1894 certae
759 1849 934 1904 scientia
959 1863 1087 1890 vaca-

148 1940 152 1946 ·
203 1914 320 1956 tionis
337 1915 543 1971 Beneficii,
569 1917 609 1956 δι
628 1924 766 1962 num.3
777 1925 814 1964 3.
835 1914 874 1952 &
894 1921 962 1962 34.

117 1977 141 2017 8
173 1976 404 2031 Ignorantia
408 1975 551 2030 supina
566 2002 580 2022 ,
610 1972 735 2031 craffiz
753 2000 766 2019 ,
782 1970 832 2013 (ν’
846 1968 1089 2025 inverisimi-

205 2035 255 2076 lis
269 2035 495 2077 vacationis
509 2047 582 2077 non
597 2031 826 2075 attenditur
843 2059 855 2070 .

116 2110 141 2148 9
174 2095 388 2156 Qodlibet
403 2096 716 2151 impedimentum
727 2089 888 2145 impedit
900 2091 1091 2142 cursum...

205 2155 387 2215 temporis
405 2161 576 2199 Patrono
592 2154 648 2195 ad
667 2151 979 2207 praesentandum
997 2178 1011 2198 ‚
1042 2148 1093 2191 (θ’

151 2255 155 2257 μ
202 2215 388 2260 collatori
403 2217 462 2258 ad1
471 2214 737 2268 conferendum
755 2241 766 2252 .

93 2292 144 2319 10
175 2277 302 2333 Regi,
318 2287 388 2318 aut
402 2275 574 2329 Principi
582 2277 777 2327 Supremo,
793 2282 1092 2326 quantumcum-

203 2351 276 2394 que
294 2336 441 2390 stienti
457 2350 529 2377 non
542 2334 671 2376 currit
687 2343 838 2387 tempus
857 2332 913 2373 ad
918 2331 1090 2386 praesen-

202 2397 367 2440 tandum
381 2427 392 2438 .

89 2474 107 2504 1
120 2472 137 2500 1
172 2457 376 2502 Terminus
391 2458 417 2498 d
433 2458 648 2498 Fundatore
656 2455 852 2509 praefixus
868 2453 924 2492 ad
933 2453 1094 2506 presen-

202 2520 368 2560 tandum
379 2518 516 2573 incipit
531 2529 689 2559 currere
700 2513 726 2555 a*
742 2515 803 2556 die
819 2512 995 2567 scientia
1011 2527 1093 2554 va-

203 2590 369 2621 cationis
389 2608 400 2618 .

94 2653 111 2681 1
122 2653 141 2680 2
177 2644 283 2694 ana
299 2636 655 2691 devolutionisfuit
673 2636 899 2677 introdue‘ta
925 2635 982 2676 ad
994 2632 1094 2691 effu-

164 2743 167 2745 ,
203 2700 386 2757 giendam
403 2727 416 2747 ‚
435 2700 483 2743 (θ’
500 2697 806 2753 compescendam
816 2694 1094 2752 negligentiam

203 2760 371 2801 Patroni
384 2761 424 2800 in
430 2759 697 2815 praesentando
717 2785 727 2796 .

94 2835 141 2875 13
177 2819 404 2878 Ignorantia
421 2818 649 2862 vacationis
663 2814 850 2871 Beneficii
865 2845 877 2864 ‚
910 2812 959 2859 ὠν
976 2816 1096 2872 quod.

206 2881 300 2922 libet
332 2880 650 2934 impedimentum
661 2880 887 2932 praeservat
897 2877 994 2926 jura
1015 2881 1096 2918 Pa-

208 2941 314 2983 troni
337 2941 362 2981 d
378 2939 626 2982 devolutione
640 2937 696 2978 ael
708 2937 949 2990 Superiorem
965 2965 976 2977 .

93 3014 146 3053 ¹4
175 3005 470 3043 Enumerantur
494 2998 771 3054 impedimenta
787 3025 800 3044 ‚
831 2997 872 3038 ob
893 3011 975 3052 qua
989 3008 1094 3037 tem-

200 3075 276 3116 pus
302 3060 568 3116 praefintandi
585 3064 753 3100 Patrono
770 3071 843 3099 non
867 3058 993 3100 currit
1009 3086 1023 3106 ,
1053 3062 1094 3100 &

209 3136 320 3163 num.
348 3134 413 3171 ις.
434 3126 474 3164 &
501 3125 568 3162 16,

60 3213 66 3232 ξ
95 3197 144 3235 17
179 3182 364 3238 Praefixio
386 3181 546 3223 termini
578 3180 689 3221 unius
713 3181 849 3233 mensis
866 3178 920 3217 ad
928 3179 1091 3232 praesen-

207 3244 373 3285 tandum
392 3254 465 3298 per
483 3243 532 3282 Fu
542 3241 748 3281 ndatorem
785 3237 934 3278 indic‘ta
965 3238 1096 3292 primo

206 3303 391 3345 instituto
415 3303 457 3343 in
472 3302 580 3361 “Jure
590 3310 833 3354 patronatus
848 3326 862 3346 ,
878 3313 929 3339 an
944 3299 1099 3351 censea-

209 3374 276 3403 tur
295 3362 466 3418 repetita
486 3361 617 3418 quoad
617 3359 850 3412 substitutos
869 3388 878 3398 .
1078 3368 1081 3370 ·

97 3425 145 3465 18
179 3423 347 3464 Scientia
363 3421 608 3479 Compatroni
632 3433 764 3462 nocere
795 3433 869 3460 non
885 3417 1100 3472 potestin.)

0 1680 8 1740 sax..
0 1598 7 1673 -40-

189 3548 309 3587 ‘Pars
329 3545 401 3584 III.

337 182 440 243 De
457 179 987 267 Jurepatronatus
1005 177 1143 241 Par.
1165 176 1267 241 111.
1291 179 1453 240 Can.
1479 174 1648 239 unic.
1669 172 1812 237 Cas?
1832 176 1876 236 I.
2119 200 2165 257 ,3

1273 290 1540 345 praefintando
1556 288 1677 330 alteri
1689 293 1942 343 compatrono
1965 289 2171 346 ignoranti

1278 351 1529 397 vacationem
1545 346 1730 405 Beneficii
1743 377 1754 387 .

1165 422 1215 461 19
1257 411 1488 467 Ignorantia
1513 410 1627 449 unius
1644 409 1809 451 Patroni
1826 409 1986 463 impedit
2002 410 2169 451 devolu-

1276 470 1420 511 tionem
1452 471 1507 523 ad
1532 469 1790 512 Ordinarium
1811 497 1825 518 ‚
1856 469 1905 512 ὠ*
1925 472 1992 522 jus
2003 471 2169 522 praesbn-

1276 531 1392 571 tandi
1422 531 1679 583 conservatur
1706 530 1747 570 in
1764 530 1840 583 ipso
1854 557 1869 578 ,
1900 529 1993 571 aliis
2002 541 2167 583 propter

1262 591 1474 644 stientiam
1493 591 1656 643 exclusis
1670 618 1681 629 .
2166 588 2169 590 ’

1163 663 1216 690 20
1250 652 1407 692 Textus
1424 650 1785 706 incap.Statutum
1802 650 1855 692 de
1876 651 2046 706 preben⁴
2065 651 2106 690 in
2125 655 2170 691 6.>

1250 711 1353 773 ‘fui‘
1369 713 1600 767 derogatum
1610 722 1684 764 per
1699 710 1922 769 Extravag.
1941 712 2020 752 1³1ae
2041 709 2165 752 solli-

1277 772 1479 818 citudinis
1493 771 1546 812 de
1560 770 1742 826 praeben.

1162 844 1212 871 22
1248 833 1420 874 Scientia
1451 830 1675 873 vacationis
1706 831 1892 885 Beneficii
1921 831 1963 872 in
1990 836 2162 873 Patrono

1275 892 1327 945 cst
1348 894 1396 934 ab
1428 906 1513 934 eam
1542 891 1739 947 allegante
1769 892 2042 933 concludenter
2066 903 2163 945 pro-

1274 953 1404 993 banda
1420 984 1432 996 .

1158 1027 1176 1052 2
1187 1025 1209 1064 3
1245 1013 1415 1053 Scientia
1431 1011 1658 1054 vacationis
1673 1011 1863 1065 Beneficii
1879 1013 1936 1053 acl
1946 1012 2163 1070 effectum-.-

1271 1072 1536 1115 devotationis
1547 1074 1739 1126 probatur
1750 1073 1791 1113 in
1807 1076 1978 1114 Patrono
1992 1087 2047 1113 ex
2058 1085 2161 1125 prae-

1258 1133 1542 1186 sumptionibus
1574 1159 1587 1178 ‚
1618 1131 1668 1173 &⁶
1698 1132 1936 1184 conjecturis
1952 1150 1965 1179 ς
1995 1136 2048 1173 Et
2078 1145 2161 1187 quae

1261 1196 1349 1251 sint
1363 1191 1438 1245 istae
1451 1192 1716 1245 conjecture?
1747 1193 1857 1234 Vide
1876 1207 1986 1235 num.
2005 1206 2023 1231 2
2037 1204 2073 1241 5.
2093 1196 2163 1233 26.

1276 1269 1295 1293 2
1305 1268 1345 1305 7.
1367 1266 1385 1291 2
1396 1256 1436 1295 8.
1457 1257 1497 1296 &
1520 1265 1538 1291 2
1548 1265 1588 1301 9.

1155 1327 1213 1368 24
1246 1314 1288 1356 Si
1302 1314 1465 1356 vacatio
1483 1311 1668 1367 Beneficii
1682 1311 1773 1367 fuit
1788 1312 1884 1353 adeo
1902 1312 2059 1353 notoria
2071 1342 2086 1362 ‚
2116 1324 2163 1354 ut

1272 1385 1464 1430 appareat
1479 1373 1637 1427 summa
1667 1372 1904 1428 negligentia
1935 1372 1977 1413 in
1993 1378 2163 1415 Patrono

1272 1449 1357 1478 eum
1369 1434 1575 1491 ignorante
1589 1432 1801 1489 allegantis
1814 1461 1826 1481 ,
1857 1444 2007 1486 tempus
2023 1433 2164 1488 incipit

1273 1510 1431 1537 currere
1449 1494 1476 1535 a*
1491 1494 1555 1534 die
1569 1520 1583 1538 ,
1614 1507 1688 1547 quo
1689 1493 1798 1547 stire
1815 1493 1965 1544 debuit,
1981 1492 2031 1536 &³
2049 1494 2164 1536 veri-

1266 1555 1455 1613 stmiliter
1463 1552 1596 1610 potuit
1607 1581 1618 1593 .

1156 1629 1212 1668 30
1249 1616 1455 1659 Terminus
1466 1613 1668 1667 juris,ad
1689 1615 2000 1667 praesentandum
2023 1628 2097 1656 non
2112 1614 2165 1667 est

1259 1677 1494 1730 servandus
1525 1673 1565 1716 in
1579 1675 1841 1728 Cappellaniis
1874 1675 1981 1716 mere
2008 1674 2167 1716 laicali-

1274 1739 1369 1779 bus.

1153 1812 1174 1851 3
1189 1811 1203 1838 1
1239 1797 1380 1840 Literae
1413 1796 1625 1851 Apostolicae
1655 1796 1697 1838 in
1726 1796 1898 1838 omnibus
1938 1795 2162 1851 justificata

1260 1861 1360 1911 sunt
1376 1858 1612 1913 exequenda·
1634 1885 1646 1896 .

1156 1932 1206 1971 32
1243 1918 1478 1972 Beneficium
1509 1918 1579 1976 effe
1602 1916 1811 1971 patronale
1819 1916 2017 1970 probatur
2035 1931 2091 1958 ex
2103 1917 2164 1968 af-

1262 1977 1438 2030 sertione
1452 1977 1627 2030 Episcopi
1640 2006 1652 2017 .

1155 2052 1176 2090 3
1187 2050 1205 2087 5
1243 2039 1307 2079 Ad
1318 2037 1621 2078 convincendam
1624 2035 1840 2088 scientiam
1858 2035 1899 2075 in
1914 2040 2100 2083 Patrono,
2112 2050 2166 2076 an

1260 2097 1431 2150 satisfit
1448 2096 1629 2136 Edictum
1647 2123 1663 2143 ‚
1692 2096 1798 2148 quod
1820 2108 1893 2149 per
1908 2095 2164 2137 ordinarium

1275 2158 1332 2198 ad
1345 2158 1499 2198 valvas
1512 2156 1680 2212 Ecclestae
1690 2154 1866 2210 affigitur
1878 2183 1889 2194 .

1155 2221 1211 2270 36
1244 2223 1439 2260 Patronus
1458 2219 1506 2258 ab
1526 2229 1591 2255 ens
1607 2244 1620 2263 ‚
1652 2215 1809 2269 quando
1840 2213 1892 2266 est
1906 2225 2021 2256 notus
2035 2215 2157 2258 Ordi-

1273 2278 1384 2319 nario
1400 2307 1413 2326 ‚
1430 2276 1481 2329 est
1485 2275 1712 2331 specialiter
1729 2275 1911 2314 citandus
1925 2303 1938 2314 .

1159 2352 1212 2392 37
1246 2339 1482 2396 Ignorantia
1509 2335 1736 2379 vacationis
1760 2334 1952 2389 probatur
1966 2334 2090 2376 medio
2100 2337 2167 2388 ju-

1275 2411 1455 2441 ramento
1468 2396 1633 2439 Patroni
1649 2427 1660 2438 .

1158 2462 1211 2514 38
1245 2460 1398 2517 Regula
1413 2470 1482 2510 35.
1500 2487 1514 2507 ‚
1545 2456 1595 2500 ὠ»
1612 2460 1682 2508 36.
1708 2455 1960 2498 Cancellart'ae
1990 2454 2168 2512 effitiunt

1264 2522 1382 2575 suum
1406 2517 1564 2573 operari
1577 2531 1650 2558 non
1666 2518 1809 2558 valent
1815 2517 1902 2572 sinc2
1918 2516 2048 2571 aliquo
2063 2515 2164 2555 titu-

1273 2579 1461 2633 lofizltem
1476 2578 1659 2626 colorato,
1681 2577 1852 2632 Amplia
1869 2588 1912 2618 ut
1932 2590 2042 2618 num.
2049 2588 2121 2626 39.

1392 2668 1430 2710 C
1490 2666 1528 2710 A
1590 2666 1616 2707 S
1679 2665 1721 2704 U
1781 2664 1807 2704 S
1900 2662 1932 2703 Ι.

1155 2746 1493 2868 REservavit
1509 2744 1679 2803 quidam
1692 2736 2164 2797 TestatorJuspatrona-

1306 2824 1373 2853 tus
1390 2807 1606 2855 Beneficii,
1620 2805 1709 2861 post
1725 2803 1813 2855 ejus
1831 2813 2009 2846 mortem
2030 2799 2166 2840 statim

1218 2874 1271 2913 de
1288 2871 1470 2927 propriis
1485 2868 1612 2911 Bonis
1627 2860 1986 2920 erigendi,favore
2006 2856 2065 2900 sui
2082 2856 2168 2899 fra-

1216 2933 1320 2979 tris,
1359 2931 1427 2972 cui
1448 2926 1623 2985 praefixit
1651 2926 1853 2966 terminus
1883 2921 2001 2963 unius
2019 2916 2164 2960 mensis

1218 2993 1270 3033 ad
1291 2987 1621 3047 praesentandum
1633 2986 1852 3027 Rectorem
1869 2981 1892 3023 ὲ
1909 2981 1977 3022 die
1999 2977 2058 3019 sui
2072 2978 2167 3020 obi-

1219 3065 1287 3094 tus
1305 3080 1318 3099 ,
1350 3052 1447 3093 &in
1464 3045 1647 3100 ejusdem
1662 3044 1816 3086 Fratris
1844 3039 2055 3083 defectum
2073 3037 2168 3079 sub-

1219 3112 1350 3154 stituit
1369 3111 1467 3152 illos
1487 3109 1539 3150 de
1557 3105 1713 3148 familia
1734 3103 1952 3161 A.quibus
1971 3099 2166 3141 omnibus

1221 3171 1358 3214 voluit
1385 3167 1610 3210 insolidum
1641 3177 1883 3219 competere
1902 3157 2170 3215 idemJuspa-

1223 3243 1415 3273 tronatus
1438 3246 1448 3274 ;
1483 3226 1695 3269 Defuncto
1728 3226 1867 3265 Fratre
1886 3220 2137 3262 Fundatoris
2155 3247 2167 3265 ‚

1222 3290 1387 3334 &facto
1406 3289 1506 3331 loco
1537 3285 1816 3328 substitutioni
1844 3282 1990 3324 favore
2021 3291 2166 3321 eorum

1226 3351 1279 3392 de
1297 3351 1406 3392 dista
1418 3348 1590 3390 Familia
1606 3364 1617 3392 ;
1636 3346 1801 3387 vacavit
1818 3343 1984 3384 interim
2000 3367 2013 3387 ,
2047 3339 2143 3380 nimi
2156 3362 2168 3369 -

1225 3425 1314 3452 rum
1334 3411 1402 3451 die
1433 3406 1757 3465 prima-Ianuarii
1780 3404 1907 3454 1718.
1929 3399 2169 3456 praefaturn.)

1223 3468 1506 3516 Beneficium
1539 3468 1644 3509 Tres
1666 3479 1716 3507 ex
1730 3464 1813 3505 illis
1832 3463 1885 3505 de
1900 3461 2056 3504 familia
2074 3471 2165 3498 mo-

1686 3527 1724 3567 A
1768 3538 1788 3563 2
2030 3528 2170 3559 rantes
