2430 3776
323 195 423 256 De
440 191 965 280 Jurepatronatus
984 191 1119 256 Par.
1138 189 1216 256 V.
1239 192 1398 256 Can.
1418 190 1525 258 1V.
1542 190 1683 257 Cas
1702 194 1743 255 I.

12 326 28 354 1
42 317 59 350 r
86 303 87 306 ’
118 300 162 346 Si
181 301 283 347 vero
299 301 358 345 isti
375 299 531 344 fructus
547 329 563 350 ,
577 305 623 344 δε·
633 302 850 350 redditus,
866 301 1002 344 dedu-

56 366 127 406 -ἃα
141 364 253 420 prius
267 363 374 404 dieta
385 374 569 416 congrua
581 389 596 409 ‚
615 360 691 404 sint
703 360 999 404 insufficientes

55 437 143 480 pro
160 421 500 469 reaedificatione,
515 426 555 464 δε
571 424 837 477 reparatione
853 423 1003 463 Eccle-

66 483 129 526 siae
147 500 158 530 ς
183 497 235 525 eo
251 484 349 539 quia
363 480 547 523 Ecclesia
564 481 616 522 ab
629 482 753 523 initio
770 495 855 524 non
875 480 1003 523 fuerit

64 540 308 585 sufficienter
335 540 481 582 dotata
519 541 572 581 de
600 540 796 583 omuibus
827 538 1007 584 necessa-

65 602 163 650 riis,
181 614 266 643 tum
284 601 334 642 ad
350 601 565 642 luminaria
582 628 596 647 ‚
615 601 860 643 vestimenta
875 600 1004 649 sacra,

59 670 292 717 congruam
309 660 483 702 Pax-ochi
517 658 856 702 sustentationem
873 689 886 709 ,
918 673 1010 703 tum

66 722 191 762 etiam
207 719 260 761 ad
274 718 443 762 fabricat
455 717 818 762 conservationem
834 749 847 768 ,
876 725 915 762 &
940 735 1027 770 re-r

55 781 327 837 aparationem
343 807 356 828 ,
405 791 533 835 prout
574 778 664 821 fieri
711 780 1008 822 conveniebat.

13 889 20 894 ·
58 841 266 894 Amostae..
279 841 325 882 de
340 841 441 892 caus:
452 839 532 893 piis
559 848 653 880 tom.
674 852 712 879 2.
727 840 793 881 lib.
812 852 850 888 5.
866 852 949 894 cap.
967 844 1008 882 6.

61 914 173 941 =-num.
195 902 261 940 18.
276 896 436 952 Barbas.
456 899 504 940 de
516 898 608 951 offi'c-
637 898 685 941 &⁴
694 900 830 953 potest.
846 899 1014 953 Epifitopi

59 971 158 1014 par.
177 971 217 1011 3.
231 959 347 1015 alleg.
358 962 436 1010 64.
449 967 607 999 num-⁴2.
627 959 759 1000 velex
779 974 831 1001 eo
851 988 864 1007 ,
891 962 1014 1016 quia.»

59 1017 226 1064 :fi-ustus
240 1023 308 1068 ,·&
324 1018 512 1060 redditus
524 1018 714 1060 Ecclesiae
731 1018 888 1060 fuerint
904 1017 1015 1067 casu,

70 1081 113 1121 δε
124 1077 303 1121 fui-tuito
316 1076 544 1133 deperditi,
561 1089 660 1119 tunc
677 1080 882 1120 Patronus
900 1091 1016 1119 tene-

69 1147 139 1180 tur
153 1137 420 1180 contribuere
436 1138 489 1179 ad
506 1140 812 1193 reparationem
828 1167 842 1186 ,
854 1141 899 1180 ἃ,
910 1136 1018 1178 refe-

7 1186 31 1261 J
66 1198 249 1242 &ionem
264 1197 452 1240 Ecclesiae
469 1224 484 1244 ‚
516 1198 586 1239 vei
609 1196 744 1247 solus,
781 1198 849 1240 vel
869 1198 1014 1240 unitim

8 1251 42 1319 ξ.
69 1269 167 1299 cum
195 1258 288 1300 aliis
330 1257 680 1313 participantibus
725 1259 778 1299 de
811 1256 1014 1299 fructibus

11 1314 31 1372 (f
70 1314 254 1368 eiusdem
283 1315 474 1359 Ecclesiae
497 1316 524 1357 fi
548 1316 701 1365 adsint,
749 1329 793 1358 ut
822 1315 1014 1372 expresse

10 1373 31 1428 Τί,
71 1374 306 1433 disponitur
316 1377 367 1418 ab
381 1376 462 1418 hoc
475 1379 627 1418 canone
650 1377 719 1419 ibi·
741 1391 783 1422 t:
797 1377 931 1436 Quisi
944 1391 1017 1435 non

12 1422 38 1503 ξ
60 1434 222 1490 fuerint
237 1435 516 1490 sufficientes,
548 1450 673 1478 omnes
703 1441 895 1479 Patronos
908 1464 923 1486 ,
967 1436 1017 1480 ὁ·

12 1496 34 1543 ἰ
62 1492 193 1545 ulios,
218 1497 287 1550 qui
289 1497 455 1550 fruitus
467 1495 618 1550 aliquos
636 1511 690 1538 ex
706 1495 826 1537 dietis
842 1497 1017 1551 Ecclesiis

0 1556 30 1620 ,ἑ
65 1557 346 1611 provenientes
362 1555 583 1610 percipiunt
611 1556 779 1598 omnibus
797 1557 1017 1610 opportunis

0 1621 2 1624 ’
21 1639 30 1654 .»
72 1615 255 1658 remediis
288 1618 344 1657 ad
357 1616 549 1670 pradift'a
565 1628 702 1672 cogant
730 1629 771 1660 Ξ
791 1620 832 1658 &
847 1617 1018 1658 tradunt

71 1689 221 1718 omnes
243 1677 522 1720 auctoritates
535 1673 719 1732 superius
736 1677 873 1717 relatae
892 1689 959 1718 nu.
978 1689 1018 1716 2.

14 1734 39 1795 ζ(
74 1735 231 1794 quibus
257 1737 370 1778 addo
399 1736 496 1778 Rot.
527 1734 570 1776 in
600 1739 781 1777 savonen
805 1734 1019 1786 Restaura-

11 1781 45 1877 ff*
73 1794 194 1838 tionis
220 1794 463 1838 Parocbialis
477 1796 646 1851 Ecclestae
660 1797 699 1835 8.
716 1797 868 1837 Martii
889 1809 1016 1847 1709.

73 1869 205 1898 coram
220 1854 468 1908 Eminentiſs.
482 1857 611 1896 Scotto
636 1855 822 1910 superius
852 1856 1018 1915 impreffi

73 1920 169 1958 Par.
183 1917 216 1956 Ῑ.
228 1919 325 1957 Can.
337 1918 405 1957 IV.
418 1915 504 1967 Caſs
520 1917 592 1957 XI.
609 1929 717 1955 num.
739 1930 759 1956 2
772 1928 808 1955 1.
839 1917 973 1957 Secus·
992 1915 1020 1957 fi

73 1972 358 2018 insufficientia
373 1974 610 2017 reddituum
630 1977 873 2031 proveniret
887 1988 939 2017 ex
955 1977 1019 2017 in-

44 2078 55 2089 ,
77 2035 215 2084 curia,
243 2039 283 2077 &
308 2035 432 2090 culpa
447 2035 656 2080 Rectoris,
689 2036 880 2076 nimirum
899 2050 949 2077 ex
965 2050 1018 2078 eo

27 2095 30 2122 ἶ
78 2094 180 2153 quia
197 2093 282 2151 ipse
303 2095 551 2137 alienaverit
564 2123 579 2143 ,
595 2094 819 2136 donaverit
834 2123 846 2143 ,
863 2107 933 2137 aut
952 2096 1020 2137 di·

75 2154 326 2211 lapidaverit
338 2155 534 2210 pecunias
550 2183 563 2203 ,
577 2157 615 2197 &
631 2154 745 2196 bona
757 2155 946 2197 Ecclefiae
965 2156 1018 2197 ab

79 2215 207 2258 initio
237 2214 261 2256 ὲ
290 2216 475 2256 Patrono
502 2211 752 2256 sufficienter
786 2214 1019 2273 affignatae,

31 2286 41 2321 J‘
75 2286 178 2317 tunc
193 2276 303 2317 enim
322 2276 528 2316 Patronus
557 2287 638 2316 non
660 2286 826 2316 tenetur
847 2274 1018 2317 reficere

47 2388 49 2391 v
77 2333 302 2378 Ecclesiam
319 2362 332 2383 ,
357 2332 429 2375 sed
447 2333 597 2376 Rector
613 2334 741 2375 debet
768 2334 820 2376 de
844 2338 1017 2391 proprio

31 2391 63 2450 ’ζ’
77 2393 304 2438 Ecclefiam
319 2391 516 2436 resarcire
531 2421 545 2442 ‚
578 2394 629 2434 ad
644 2394 764 2435 Text.
790 2395 832 2436 in
846 2407 928 2448 cap.
933 2394 1020 2444 sta-

44 2448 224 2503 {ruimus
242 2468 309 2496 12.
324 2452 464 2509 quaefs.
479 2466 519 2495 2.
538 2453 745 2494 Turricell.
774 2455 820 2494 de
846 2457 925 2495 reb.
948 2459 1022 2495 Εσ-

77 2514 164 2568 cles.
176 2528 252 2556 non
265 2514 434 2555 alienan.
451 2525 533 2566 cap.
558 2518 625 2554 16.
639 2527 742 2553 num.
765 2527 779 2552 1
793 2528 832 2553 2.
849 2519 939 2556 Rot.
952 2515 1021 2555 de·-

90 2575 154 2628 cifi
172 2586 272 2616 222.
285 2586 376 2628 par.
388 2587 431 2626 4.
448 2573 595 2626 divers.
613 2573 664 2614 Et
682 2573 851 2629 quidem
874 2575 1022 2616 Patro-

43 2635 62 2685 3}
81 2648 158 2677 nus
186 2644 352 2677 tenetur
366 2632 535 2675 reficere
553 2661 565 2681 ,
597 2636 638 2675 δε
668 2646 855 2687 reparare
873 2634 1022 2675 Eccle-

51 2688 63 2705 ’Τ
80 2694 174 2738 fiam
189 2695 314 2736 etiam
342 2692 370 2734 fi
391 2695 434 2734 in
447 2692 590 2734 limine
607 2691 867 2734 fundationis
886 2693 1021 2735 fuisset

56 2755 63 2784 ἶ
81 2753 312 2811 appositum
336 2756 495 2809 pacitum
512 2781 525 2800 ,
558 2751 677 2809 quod
705 2765 927 2794 corruente
945 2754 1022 2794 Ec-

63 2814 203 2856 clesia
218 2841 232 2862 ,
264 2813 343 2854 dos
374 2823 598 2855 revocetur
613 2839 627 2859 ,
658 2814 755 2868 quia
785 2812 1021 2863 hujusmodi

85 2877 245 2930 paetum
262 2874 384 2914 etiam
405 2871 458 2913 de
471 2868 669 2915 consensu
686 2868 878 2927 Episcopi
890 2886 1021 2928 appo-

86 2933 203 2976 fitum
226 2946 310 2976 non
326 2932 439 2974 valet
456 2948 468 2978 3
493 2931 732 2973 Lambertin.
748 2932 794 2972 de
811 2932 1022 2990 7urepatr.

67 3042 70 3043 ⁷
86 2992 153 3035 lib.
175 3005 211 3032 1.
217 3005 307 3046 par.
331 3005 366 3032 1.
383 2991 510 3045 quast.
528 2995 568 3032 6.
584 3001 711 3042 art.4.
727 3005 829 3032 num.
852 3004 866 3030 1
880 3005 917 3030 2.
934 2991 1023 3033 Bel-

68 3051 154 3094 'let.
169 3052 356 3109 disquisit.
371 3051 510 3091 Cleric.
533 3062 622 3103 par.
640 3064 674 3091 1.
695 3057 731 3098 §-
756 3063 821 3100 15.
835 3066 936 3091 num.
959 3055 1026 3090 16.

38 3107 147 3169 ’,Εἰ
165 3110 392 3168 Episcopus
421 3111 555 3166 potest
593 3125 686 3152 eum
712 3125 867 3166 cogere
894 3111 946 3152 ad
959 3124 1026 3152 re-

78 3171 404 3215 aedificationem
419 3199 432 3218 ,
449 3174 488 3212 δε
502 3171 807 3224 reparationem
823 3170 930 3211 intra
943 3182 1026 3211 ter-

87 3232 242 3274 minum
257 3242 568 3287 competentem
590 3228 662 3271 sub
683 3243 806 3285 poena
822 3231 1024 3285 privatio-

90 3292 152 3333 nis
168 3290 513 3347 jurispatronatus
526 3318 539 3338 ,
563 3290 686 3330 etiam
705 3289 730 3329 si
746 3291 947 3331 Patronus
963 3288 1025 3331 es-

86 3347 147 3392 set
190 3363 405 3406 exemptus
449 3350 472 3391 ἒι
503 3347 782 3400 jurisdictione
814 3347 1022 3405 Episcopi;

89 3412 187 3467 quia
218 3411 400 3464 exempti
437 3409 533 3463 cogi
563 3406 725 3464 possunt
756 3421 827 3463 per
850 3408 1022 3465 Episco-

71 3468 184 3526 ‘pum
204 3469 256 3513 ad
270 3468 503 3523 hujusmodi
523 3466 903 3517 reaedificationem,
920 3483 1024 3526 qua-

1984 215 2061 277 95

1122 314 1305 359 cumque
1320 301 1606 358 appellatione
1623 313 1786 345 remota
1801 331 1813 351 ,
1831 306 1872 346 &
1889 315 1974 347 non
1989 304 2073 346 ob-

1118 362 1250 402 stante
1266 363 1538 418 exemptione
1554 391 1570 411 ,
1596 373 1642 404 ut
1655 361 1890 418 disponitur
1907 364 1931 406 a
1949 366 2073 407 Con-

1123 421 1228 463 cilio
1243 422 1287 464 in
1302 421 1385 463 hoc
1397 426 1567 470 canone,
1581 425 1623 465 δε
1641 424 1684 464 in
1698 436 1790 477 cap.
1804 425 1845 465 8.
1861 421 1947 465 sess.
1962 438 2003 474 7.
2017 424 2071 465 de

1124 479 1296 522 reform.
1311 481 1371 523 ibi
1404 493 1445 523 :a
1460 484 1645 523 Locorum
1668 483 1872 525 ordinarii
1883 483 2072 537 Ecclefias

1126 541 1386 595 quaftumque
1409 542 1687 594 quomodolibet
1702 553 1910 597 exemptas
1935 542 2072 582 aufto-

1127 599 1254 641 ritate
1282 599 1493 655 Apostolica
1513 601 1679 658 singulis
1706 602 1822 643 annis
1861 601 2072 657 visitare..-

1131 669 1360 708 teneantur,
1374 659 1423 704 &
1437 661 1660 715 opportunis
1668 661 1775 714 juris
1788 661 1974 702 remediis
1978 675 2073 716 pro-

1130 719 1273 760 videre
1290 748 1306 769 ,
1320 730 1366 761 ut
1379 733 1462 775 quae
1479 720 1727 776 reparatione
1741 721 1920 777 indigent
1936 749 1950 769 ,
1962 733 2074 775 repa-

1129 789 1268 821 rentur
1284 779 1356 822 &c
1373 780 1709 834 appellationibus,
1718 781 2074 837 privilegiis,con-

1117 839 1393 891 suetudinibus
1428 839 1549 881 etiam
1578 842 1631 882 ab
1656 840 1944 883 immemorabili
1975 853 2074 882 tem-

1129 910 1226 951 pore
1233 898 1483 953 praescriptis,
1492 900 1670 953 judicum
1681 900 2010 955 deputationibus,
2024 899 2074 944 &-

1135 957 1291 999 illorum
1307 959 1600 1001 inhibitionibus
1621 960 1782 1015 penitus
1797 961 1960 1014 exclusis
1977 974 2020 1006 Ξ
2034 964 2076 1004 &

1136 1016 1295 1060 docent
1312 1018 1935 1076 Amost'az.Sperell.Ventrigl.ubi
1930 1021 2075 1074 supra.

1082 1088 1136 1129 ¹4
1195 1078 1325 1132 Qod
1341 1077 1366 1118 fi
1379 1090 1462 1119 tam
1481 1079 1659 1121 Ecclesia
1673 1080 1933 1123 Parochialis
1945 1080 2075 1136 quam

1137 1137 1345 1179 Patronus
1364 1137 1438 1179 sint
1455 1151 1660 1194 pauperes
1673 1167 1691 1188 5
1718 1144 1757 1182 &
1775 1151 1943 1182 careant
1964 1138 2075 1186 suffi-

1133 1196 1348 1238 cientibus
1363 1196 1650 1245 facultatibus,
1674 1210 1774 1240 tunc
1791 1199 1988 1248 Ecclesia,
2003 1211 2076 1241 aut

1135 1256 1303 1297 Domus
1322 1256 1580 1299 Parochialis
1596 1256 1729 1306 refici,
1744 1260 1784 1300 &
1802 1261 1983 1314 reparari
2000 1256 2076 1302 de‘-

1135 1315 1213 1357 bet
1238 1316 1581 1363 a·Parochianis;
1613 1320 1655 1359 δε
1676 1315 1907 1375 Episcopus
1936 1319 2076 1373 potest

1138 1389 1213 1417 eos
1232 1389 1389 1432 cogere
1407 1374 1690 1431 per-censuras
1705 1406 1719 1426 ,
1742 1390 1812 1419 aut
1833 1376 2077 1421 subtractio-

1138 1449 1232 1477 nem
1259 1436 1620 1479 sacramentorum
1638 1466 1651 1485 ,
1683 1451 1730 1478 ac
1749 1438 1810 1479 eis
1836 1439 2075 1493 imponere.)

1139 1496 1515 1544 contributionem,
1543 1501 1583 1540 δε
1599 1497 1817 1540 collectam
1838 1498 1953 1550 juxta
1980 1512 2078 1554 pro-

1138 1557 1378 1609 portionem
1394 1554 1640 1598 facultatum
1657 1585 1671 1604 ,
1694 1571 1796 1614 quas
1815 1557 2020 1613 poffident
2034 1561 2076 1600 in

1137 1615 1485 1664 Parochia,etiam
1503 1616 1526 1656 si
1540 1615 1614 1659 sint
1627 1614 1828 1665 forenses,
1842 1616 2075 1660 dummodo

1084 1685 1132 1724 15
1157 1673 1197 1714 in
1211 1675 1411 1717 Parochia
1424 1675 1652 1730 posiideant
1665 1677 1790 1724 bona,
1802 1681 1842 1719 &
1858 1691 1935 1732 pro
1949 1678 2078 1729 majo-

1140 1735 1176 1774 ri
1187 1747 1301 1790 parte
1316 1738 1410 1777 anni
1426 1735 1485 1778 ibi
1502 1737 1877 1784 morentur,divina
1888 1737 2076 1785 audiant,

1140 1797 1178 1835 &
1193 1795 1457 1836 Sacramenta
1472 1795 1689 1851 perficiant
1705 1812 1715 1841 ς
1750 1799 1790 1838 &
1815 1797 1938 1837 etiam
1958 1796 1984 1837 si
2000 1799 2079 1838 Pa-

1139 1856 1363 1895 rochianus
1380 1854 1479 1897 eslet
1496 1856 1550 1898 de
1566 1857 1759 1912 proximo
1776 1857 1800 1897 εὶ
1816 1857 1923 1898 dicta
1944 1857 2077 1899 Paro-

1140 1915 1232 1954 chia
1249 1912 1489 1955 discessurus
1507 1932 1519 1961 ς
1545 1917 1646 1972 quia
1665 1927 1707 1957 ut
1724 1916 1834 1958 bene
1850 1916 2078 1958 advertunt

1139 1974 1301 2027 Sperell.
1312 1973 1428 2025 ,deciſs
1434 1979 1457 2013 6
1465 1987 1504 2024 7.
1521 1987 1698 2025 num.51.
1713 1975 1872 2017 Bellett.
1887 1976 2076 2031 disquisit.

1139 2033 1266 2073 cleric.
1275 2046 1409 2087 par.1.
1425 2038 1714 2086 §.14.num.7.,
1732 2048 1827 2076 cum
1845 2049 1950 2078 onus
1969 2036 2074 2077 istud

1140 2091 1185 2133 fit
1204 2094 1256 2134 de
1273 2094 1489 2149 praeterito
1502 2122 1515 2143 ‚
1541 2107 1623 2136 non
1637 2095 1774 2150 potest
1794 2096 2076 2137 Parochianus

1131 2153 1182 2195 vin
1201 2153 1481 2208 praejudicium
1502 2154 1691 2195 Ecclefiae
1707 2154 1969 2196 domicilium
1988 2169 2078 2197 mu-

1140 2226 1230 2255 tare
1245 2241 1256 2252 .
1277 2213 1356 2254 Vel
1369 2210 1598 2268 Episcopus
1618 2212 1832 2269 designare
1847 2215 1957 2257 valet
1976 2217 2076 2257 Per-

1141 2270 1262 2315 sonas
1275 2273 1326 2314 ad
1339 2273 1541 2328 petendas
1555 2271 1851 2329 Eleemosynas
1868 2288 1941 2330 per
1959 2275 2079 2317 Civi-

1140 2345 1286 2381 tatem,
1302 2335 1339 2374 &
1355 2333 1434 2374 alia
1450 2333 1545 2375 loca
1561 2335 1858 2377 circumvicina
1881 2349 1958 2390 pro
1978 2335 2080 2376 aedi-

1141 2392 1342 2434 ficatione
1364 2391 1586 2440 Ecclefiae;
1609 2394 1679 2436 vel
1695 2394 1904 2449 applicare
1921 2393 2077 2437 fructus

1141 2450 1398 2507 superfluos3
1431 2450 1606 2508 &super
1632 2453 1886 2495 excedentes
1907 2454 2077 2496 alterius

1139 2511 1331 2554 Ecclefiae
1348 2540 1362 2561 ,
1394 2514 1493 2569 quia
1511 2512 1536 2554 fi
1557 2513 1619 2555 isti
1637 2514 1791 2565 dejure
1816 2516 1980 2571 erogari
2006 2514 2079 2554 de-

1141 2572 1243 2614 bent
1259 2574 1299 2614 in
1316 2585 1518 2627 pauperes
1537 2599 1551 2620 ,
1579 2572 1602 2613 a
1628 2572 1795 2615 fortiori
1814 2573 1977 2629 erogari
1999 2587 2078 2629 po-

1142 2643 1283 2673 terunt
1311 2634 1353 2673 in
1382 2631 1703 2674 aedificationem
1718 2631 1904 2674 Ecclefiae
1922 2646 2077 2688 paupe-

1142 2692 1198 2733 ris
1215 2707 1228 2735 ς
1260 2704 1397 2747 neque
1415 2691 1497 2733 hoc
1515 2689 1611 2733 esset
1626 2705 1771 2734 contra
1794 2696 1976 2733 Extrav.
1993 2707 2078 2733 am-

1140 2750 1282 2803 bitiosae
1309 2751 1355 2790 de
1383 2752 1466 2791 reb.
1491 2751 1631 2802 Ecclesl
1646 2767 1720 2792 non
1748 2752 1917 2792 alienun.
1937 2768 1947 2797 ;
1978 2754 2076 2808 quia

1141 2811 1228 2851 haec
1248 2809 1441 2865 procedit
1458 2808 1641 2866 rcspestu
1657 2811 1863 2853 bonorum
1879 2812 2078 2854 immobi-

1141 2870 1260 2917 lium,
1274 2869 1343 2912 vel
1363 2870 1595 2917 mobilium,
1614 2884 1704 2927 quae
1720 2869 1794 2912 fint
1810 2868 2005 2927 pretiosa,
2035 2876 2077 2915 δε

1143 2926 1295 2971 servari
1314 2927 1493 2984 possunt,
1521 2943 1603 2972 non
1622 2930 1722 2973 vero
1740 2927 1921 2986 respectu
1939 2944 2078 2973 rerum

1145 2989 1364 3031 mobilium
1381 3017 1394 3037 ,
1423 2993 1462 3031 &
1486 2987 1689 3032 fructuum
1706 2990 1757 3030 ad
1779 2991 2076 3033 alienationem

1147 3048 1459 3104 expofitorun1;
1491 3049 1607 3100 juxta
1631 3051 1752 3091 Text.
1773 3050 1813 3090 in
1841 3062 1924 3104 cap.
1951 3051 1998 3091 de
2017 3051 2077 3091 bis

1147 3110 1194 3150 de
1210 3108 1348 3161 Ecclesl
1372 3108 1442 3148 aedi
1473 3123 1504 3148 c.
1528 3108 1577 3152 ά*
1601 3109 1641 3149 in
1668 3121 1747 3163 cap.
1760 3112 1804 3164 si
1816 3110 2014 3164 Episcopus
2031 3113 2077 3151 dc

1144 3167 1238 3221 offic.
1258 3169 1383 3208 ordin.
1401 3168 1440 3209 in
1459 3173 1515 3216 6.,
1530 3173 1568 3211 &
1587 3168 1897 3223 dispositionem
1915 3170 2078 3212 Conci-

1146 3228 1193 3268 lii
1207 3230 1248 3268 in
1276 3228 1357 3269 hoc
1384 3230 1535 3269 Conone
1551 3257 1564 3277 ,
1592 3233 1631 3271 &
1658 3229 1740 3271 late
1767 3226 2078 3286 prosequuntur

1143 3286 1320 3343 Pirhing.
1351 3286 1469 3338 injus
1482 3291 1625 3330 Canon.
1645 3299 1781 3340 tom-3.
1798 3289 1909 3339 lib,3.
1936 3290 2077 3339 tit.48.
2140 3307 2148 3317 ·

1143 3348 1190 3387 de
1214 3348 1351 3399 Eccles.
1379 3346 1513 3401 aedific.
1534 3359 1647 3400 n.14.
1667 3348 1716 3391 &¹
1723 3348 1840 3405 seqq.
1856 3350 2023 3390 Gonzal.
2037 3350 2078 3389 in

1145 3418 1227 3460 cap.
1241 3406 1469 3462 quicumque
1483 3420 1566 3458 n.7.
1581 3408 1663 3451 eod.
1684 3409 1751 3450 tit.
1769 3408 1815 3448 de
1833 3409 1971 3460 Eccles.
1984 3409 2079 3449 aedi-

1131 3466 1203 3520 fic.
1222 3465 1382 3522 Salgad.
1409 3468 1456 3508 de
1471 3467 1639 3521 protest.
1655 3483 1736 3524 reg.
1748 3481 1789 3522 p.
1796 3482 1834 3521 3.
1849 3465 2082 3568 cap.521:;.t90¹L
