2392 3736
323 83 423 145 De
435 79 745 165 Jurepatr.
773 73 906 137 Par.
933 73 1035 138 VI.
1062 75 1224 138 Can.
1248 73 1471 137 XXIII.
1493 71 1635 136 Cas.
1655 71 1695 135 I.

153 250 839 307 ARGUMENTUM.

0 386 268 439 Beneficium
283 382 710 449 deJutepatronatus
731 374 993 426 Ecclefiasti-

70 475 125 504 co
141 470 298 506 vacans
317 455 362 499 in
381 449 529 499 mense
547 449 763 497 reservato
785 445 900 496 cadit
915 445 994 493 sub

69 521 453 576 Reservationibus
464 519 740 584 Apostolicis'
752 551 767 577 ,
783 516 994 565 dummo-

71 596 132 644 do
145 594 231 644 istae
245 609 340 641 non
354 590 435 639 smt
449 588 662 655 expresse,
679 588 749 640 vel
771 586 900 636 tacite
919 602 994 636 ex-

50 713 53 715 ,
73 660 196 714 -clusae
216 665 264 712 in
285 663 441 710 limine
457 660 744 709 Fundationis
757 693 771 707 .

201 786 812 834 suMMARIUM.

14 927 31 957 x
52 946 57 950 .
92 912 326 968 Beneficium
362 908 701 964 jurmatronatus
752 904 1003 963 Ecclesiastici

123 970 454 1027 comprehenditur
456 969 532 1023 sub
545 967 881 1022 reservationibus
900 973 1002 1022 Apo-

159 1032 289 1074 olicis.
878 1041 880 1043 ’

9 1106 32 1136 2
93 1034 412 1152 staspatronatus
427 1091 476 1132 ab
492 1088 605 1131 initio
621 1088 758 1130 laicale
771 1087 1002 1145 sttranseat

123 1153 182 1195 ad
194 1153 380 1205 Personas
403 1147 682 1205 Ecclessasticas
704 1148 856 1207 afflamit
881 1157 1003 1189 natu-

127 1226 215 1254 ram
232 1209 527 1266 Ecclestasticam
539 1237 553 1258 ,
575 1212 614 1252 δι
631 1221 741 1251 num.
757 1213 824 1248 16.

13 1285 34 1326 3
95 1271 280 1325 Clausala
295 1272 444 1314 Toties
458 1297 472 1318 ,
493 1269 665 1327 quoties
679 1267 721 1309 in
732 1265 1004 1320 reservatione

119 1332 456 1387 jurispatronatus
481 1330 654 1382 appofitae
681 1342 755 1369 non
786 1325 1004 1368 excludunt

11 1387 16 1436 ἶ,
122 1390 412 1444 ufir-vationes
426 1386 677 1442 Apostolicas.

14 1464 38 1508 l*
94 1451 281 1495 Dictioin
303 1461 548 1507 perpetuum
576 1447 731 1503 quando
748 1446 925 1502 impar-sit
953 1446 1008 1487 ad

15 1520 19 1565 ιζ
124 1510 301 1568 efflilum
315 1507 548 1551 excludendi
563 1507 916 1561 refirvationibus?
933 1507 1008 1549 Vi-

16 1576 19 1585 '
62 1604 65 1606 -
129 1570 280 1620 deibi,
295 1573 335 1612 &
351 1580 534 1612 num-10.

17 1634 35 1680 k
97 1630 286 1686 Beneficia
311 1628 647 1682 jurispatronatus
665 1627 912 1684 Ecclesiastici
932 1640 1006 1668 non

19 1698 22 1704 ”
104 1683 113 1693 “
126 1691 272 1733 eadunt
300 1689 378 1742 sub
413 1688 746 1740 reservationibus
770 1687 1006 1743 Apostolicis,

127 1751 284 1806 quando
299 1749 374 1801 ista
377 1749 475 1801 sunt
493 1749 674 1802 expresse
687 1776 701 1797 ‚
723 1747 794 1790 vel
810 1747 934 1789 tacite*
963 1743 1005 1786 in

7 1813 26 1860 ζζ
127 1809 259 1852 limine
273 1807 524 1863 fundationis
551 1808 711 1862 exclusa
726 1836 739 1849 .
767 1808 936 1864 Amplia
961 1818 1006 1850 ut

6 1862 27 1906 ὖ
128 1884 240 1912 num.
261 1873 301 1909 6.
317 1872 357 1912 &
375 1881 395 1908 2
409 1881 443 1908 1.
459 1867 557 1910 vide
575 1880 686 1910 num.
707 1881 773 1917 17.

11 1938 42 1979 ,ἵν
102 1931 344 1984 Referuntur
358 1929 583 1980 conjeci'urae
598 1955 612 1976 ,
639 1943 692 1970 ex
710 1927 849 1984 quibus
863 1927 1009 1969 dieitur

27 1990 29 1997 ⁴
131 1989 259 2032 tacita
274 1989 438 2044 exclusio
451 1987 766 2040 refer-vationum
781 1986 1011 2042 Apostoliea-

132 2064 240 2092 rum:
271 2050 323 2090 Et
354 2048 517 2090 num.8.
531 2062 574 2100 9.
603 2060 669 2089 11.
693 2049 761 2091 18.
782 2062 848 2099 19.
869 2061 938 2089 20.
969 2052 1011 2092 δε

139 2123 161 2150 2
172 2123 210 2150 2.
227 2113 267 2152 &
286 2120 354 2158 25.
371 2112 408 2150 δι
422 2120 493 2161 34.

12 2170 42 2219 113:
53 2183 73 2212 2
106 2174 318 2214 Decretum
338 2166 510 2209 irritans
538 2167 580 2208 in
594 2167 662 2209 hoe
674 2171 853 2214 Canone
866 2169 1012 2223 appoſs-

136 2241 246 2277 tum,
281 2243 333 2269 an
359 2227 510 2282 inficiat
535 2242 814 2286 quamcumque
835 2228 1014 2287 poffeffio·

97 2329 99 2331 .
136 2303 246 2338 nem,
266 2287 315 2331 ὐ-
328 2288 625 2342 observantiam
635 2289 676 2330 in
690 2290 932 2332 contrarium
945 2306 957 2330 :
970 2292 1011 2332 δε

35 2386 40 2399 ,
137 2363 235 2391 num
257 2353 326 2388 26.
339 2352 380 2392 &
402 2361 470 2400 27.

38 2422 75 2467 33
106 2407 291 2462 Pontifex
330 2409 520 2465 derogare
547 2409 653 2461 solet
686 2410 1008 2465 juripatronatus

38 2496 42 2511 .
136 2469 276 2512 activo
289 2497 303 2518 ,
317 2482 529 2524 numquam
545 2471 642 2513 verb
651 2469 799 2528 paffivo
812 2499 825 2513 .

23 2520 80 2583 ¹4
109 2529 343 2584 Reservatio
372 2528 424 2580 ⁶st
451 2530 788 2587 concludentiffl'me
795 2543 869 2587 per
887 2531 1011 2585 Impe-

41 2599 45 2637 Ι
133 2600 309 2631 trantem
317 2589 520 2643 probanda
536 2617 549 2638 ‚
579 2589 684 2631 alids
714 2590 782 2644 iste
807 2591 858 2644 est
874 2603 1012 2631 arcen-

140 2649 212 2691 dus
223 2678 237 2699 ‚
240 2652 284 2706 st
290 2649 510 2702 reservatio
513 2652 576 2707 stt
586 2649 748 2692 turbida
762 2678 776 2699 ,
800 2660 871 2692 aut
883 2650 1013 2693 dubia:

141 2713 183 2754 δε
195 2721 307 2751 num.
321 2721 342 2761 3
353 2719 390 2757 5.

58 2781 76 2821 ς
112 2769 308 2825 Beneficia
329 2766 664 2823 junspatronatus
687 2770 860 2813 Laicalir
901 2784 1014 2815 nott„

129 2829 231 2883 sunt
244 2827 335 2871 Sedi
349 2828 558 2882 Apostolicae
569 2832 779 2884 reservata
798 2860 810 2871 .

51 2897 83 2942 ‘3
116 2888 518 2951 Quod-canonicatus
533 2893 594 2946 stt
614 2891 662 2932 de
689 2891 770 2932 illis
784 2890 975 2946 fundatis
990 2890 1018 2932 δ

52 2983 55 2993 .
143 2953 313 3004 Patrono
327 2967 340 2996 5
356 2962 410 2990 ex
419 2948 558 3004 quibus
567 2951 856 3005 praesumatur?

53 3020 88 3061 ⁶4
115 3008 279 3053 Vacatio
299 3004 492 3063 ‘Beneficii
521 3009 563 3050 in
586 3012 708 3065 mense
732 3012 942 3065 reservato
969 3008 1022 3062 est

54 3076 56 3082 '
144 3068 415 3111 concludenter
447 3069 651 3124 probanda
688 3083 763 3127 per
801 3074 1022 3127 Impetran-

142 3139 222 3171 tem
237 3157 248 3169 ·

57 3185 88 3227 '⁸8
118 3189 339 3248 Permiffism
354 3188 406 3242 est
422 3190 604 3231 Patronis
617 3190 660 3231 in
675 3191 806 3233 limine
808 3189 1023 3243 fundatio-

145 3247 206 3289 nis
229 3249 436 3291 excludere
452 3250 635 3304 expreſse
648 3279 663 3300 ‚
676 3252 748 3293 vel
760 3250 885 3293 tacite
898 3251 1024 3304 reser-

145 3318 327 3350 vationes
344 3338 356 3350 .

60 3379 89 3463 a?
121 3366 334 3470 Dleficiege
336 3368 604 3423 fundatione,
635 3370 858 3413 recurritur
883 3372 941 3414 ad
953 3370 1020 3413 ob-

64 3465 69 3482 ,
179 3441 248 3468 ars
317 3455 329 3468 .

1163 185 1426 239 servantiam
1444 186 1500 226 ad
1512 184 1688 241 effeHum
1703 182 1950 240 dignoscendi
1961 199 2063 239 qua-

1174 246 1330 286 litatem
1343 244 1685 297 jurispatronatus
1702 274 1714 287 .
2045 268 2049 272 ·

1058 319 1114 359 30
1147 304 1415 359 Observantia
1430 304 1634 355 exclusiva
1650 303 1863 358 qualitatis
1874 305 2060 361 Ecclessa.

1160 366 1272 422 stieae
1296 363 1338 406 in
1349 366 1678 417 jurepatronatus
1694 390 1708 410 ‚
1738 377 1784 403 ac
1816 366 2063 416 reservatio-

1174 439 1267 466 num
1284 452 1298 473 ,
1314 436 1369 468 ex
1389 423 1528 480 quibus
1544 422 1701 474 resultet
1717 423 1735 462 ἓ
1771 423 1882 466 Vide
1899 425 1960 467 ibi
1980 454 1995 475 ,
2022 428 2065 469 &

1176 499 1291 527 num.
1307 496 1329 535 3
1340 497 1357 523 1
1366 512 1378 524 .
1389 488 1429 527 ὅτ,
1444 495 1464 535 3
1475 497 1514 526 2.

1059 562 1081 603 3
1091 562 1111 602 3
1147 545 1415 600 observantia
1432 543 1608 597 respeb't'u
1621 542 1735 582 unius
1749 541 2063 598 benefi'cikquan·

1177 608 1225 649 do
1225 602 1449 666 suffragari
1458 602 1569 664 poſjft
1577 614 1652 658 pro
1668 602 1825 645 altero?

1285 728 1326 771 C
1387 726 1428 770 A
1487 725 1516 769 S
1575 723 1618 764 U
1675 724 1703 766 S
1793 723 1838 766 1.

1194 851 1239 893 N
1264 849 1408 891 limine
1435 846 1696 890 fundationis
1717 845 1913 889 beneficii
1930 845 2062 890 reser-

1211 911 1326 952 vavit
1343 909 1515 965 quidam
1527 908 1739 950 Fundator
1753 904 2063 962 juspatronatus

1123 969 1317 1025 paffivum
1346 968 1492 1011 favore
1523 968 1742 1024 originarii
1775 969 1976 1010 Civitatis
2006 969 2063 1016 A,

1121 1027 1436 1084 juspatronatus
1470 1029 1572 1070 vero
1601 1030 1778 1070 adiivum
1807 1026 1954 1071 favore
1972 1028 2063 1079 ejus

1122 1088 1302 1130 Familiae
1317 1115 1330 1136 ‚
1346 1101 1428 1145 qua
1443 1089 1624 1129 extincta
1638 1115 1651 1135 ‚
1666 1086 1872 1130 substituit
1887 1089 2064 1144 Capitu-

1120 1149 1209 1190 lum
1223 1147 1497 1189 Cathedralis
1525 1145 1707 1199 ejusdem
1722 1148 1952 1196 Civitatis,
1985 1162 2067 1190 vo·-

1123 1209 1216 1250 Iens
1233 1208 1353 1266 quod
1373 1204 1502 1264 ipsum
1517 1207 1675 1260 semper
1698 1206 1849 1248 omnino
1864 1236 1878 1255 ,
1905 1209 1947 1249 in
1962 1207 2067 1248 omni

1124 1268 1213 1321 casu
1227 1296 1241 1316 ,
1258 1267 1308 1311 &⁴
1325 1267 1366 1309 in
1378 1276 1611 1322 perpetuum
1623 1294 1636 1314 ‚
1666 1265 1784 1308 toties
1799 1295 1812 1314 ,
1830 1269 1986 1322 quoties
2001 1267 2069 1308 be-

1123 1329 1304 1384 neficium
1324 1342 1477 1369 vacare
1492 1325 1701 1383 contigerit
1729 1326 1783 1367 ad
1795 1326 1894 1367 illud
1898 1325 2069 1380 prasen-

1122 1398 1250 1435 τινας
1270 1399 1414 1445 prout,
1426 1385 1536 1429 facto
1547 1387 1650 1429 loco
1665 1383 2071 1435 substitutioni,sem-

1127 1462 1201 1505 per
1216 1448 1460 1504 Capitulum
1474 1447 1516 1490 in
1533 1445 1760 1490 succeffivis
1774 1447 2072 1489 vacationibus

1127 1506 1394 1565 praesentavit
1408 1526 1424 1556 ς
1438 1509 1602 1550 Vacato
1618 1520 1749 1562 nuper
1765 1505 2070 1563 menseJanua-

1126 1571 1178 1611 rii
1195 1569 1306 1610 disto
1321 1566 1551 1614 Beneficio,
1565 1567 1702 1608 Titius
1714 1577 1898 1614 exterus,
1919 1569 1960 1608 &
1978 1566 2070 1608 nul·

1126 1629 1295 1670 latenus
1312 1627 1564 1682 originarius
1577 1626 1779 1670 Civitatis
1796 1629 1851 1675 A,
1871 1626 1978 1668 illud
1994 1627 2069 1669 im·-

1127 1688 1311 1746 petravit
1327 1687 1352 1730 :⁸2
1370 1687 1479 1728 Sede
1496 1686 1740 1742 Apostolica
1756 1715 1770 1735 ,
1801 1687 1861 1728 uti
1886 1685 2069 1730 reserva-

1127 1761 1215 1792 tum
1250 1748 1413 1789 ratione
1447 1746 1618 1803 Regulae
1636 1743 1923 1790 reservatoriae
1953 1760 2072 1789 men-

1127 1808 1224 1851 fium
1237 1836 1251 1856 ‚
1293 1808 1503 1851 Canonici
1541 1807 1566 1850 ὲ
1590 1818 1741 1849 contra
1781 1807 2072 1864 capitulariter

1129 1868 1379 1926 congregati
1416 1863 1712 1922 praesentarunt
1753 1866 1806 1908 ad
1848 1868 1961 1910 idem
1994 1868 2073 1910 be-

1130 1927 1326 1972 aeficium
1342 1926 1490 1979 Cajum
1502 1926 1772 1981 originarium
1790 1956 1802 1968 .
1826 1927 1937 1970 Hinc
1955 1939 2073 1983 quae-

1131 2002 1180 2033 ro
1196 2017 1210 2039 ‚
1243 2001 1294 2030 an
1319 1988 1468 2031 Literae
1484 1986 1738 2043 Apostolicae
1762 1984 1837 2028 fint
1854 2000 2072 2042 exequen-

1134 2050 1199 2093 dae
1218 2078 1231 2098 ,
1248 2049 1316 2091 vel
1333 2050 1476 2106 potius
1493 2046 1538 2089 fit
1558 2046 1832 2090 instituendus
1849 2045 2074 2100 Praesenta-

1134 2123 1203 2152 tus
1223 2108 1247 2151 ὲ
1264 2109 1465 2165 Capitulo
1482 2138 1493 2150 .

1080 2191 1098 2219 χ
1192 2173 1272 2214 Pro
1288 2170 1542 2212 executione
1558 2170 1790 2213 Literarum
1806 2171 2074 2227 Apostolica-

1134 2243 1223 2272 rum
1237 2231 1367 2286 prima
1384 2230 1524 2272 fronte
1538 2228 1874 2285 respondendum
1889 2231 2076 2277 videturt

1130 2291 1297 2333 Etenim
1314 2289 1562 2332 beneficium
1581 2291 1745 2333 vacavit
1770 2288 2073 2348 menseJanua·

1131 2351 1183 2393 tii
1200 2379 1213 2399 ,
1242 2352 1315 2408 qui
1330 2351 1480 2409 vigore
1501 2348 1623 2403 hujus
1637 2350 1801 2393 Canonis
1827 2353 1883 2396 est
1900 2365 2004 2394 unus
2019 2365 2072 2394 ex

1129 2412 1227 2454 οᾶο
1245 2409 1451 2453 menfibus
1467 2407 1709 2456 reservatis;
1727 2414 1767 2453 &
1782 2410 1875 2453 cum
1895 2410 1940 2453 fit
1954 2409 2072 2463 juris-

1133 2482 1381 2528 patronatus
1411 2468 1681 2513 Ecclefiastici
1696 2498 1710 2519 ‚
1748 2480 1898 2525 utpote
1942 2471 2076 2526 perti-

1134 2543 1236 2574 nens
1261 2529 1313 2571 ad
1331 2526 1692 2585 praesentationem
1710 2529 1902 2586 Capituli
1917 2530 2076 2574 Cathe-

1135 2590 1264 2633 dralis
1289 2587 1662 2644 comprehenditur
1688 2587 1760 2630 sub
1777 2587 2075 2632 reservationi-

1135 2652 1214 2694 bus
1226 2649 1481 2705 ApostoIIcis
1509 2648 1625 2701 juxta
1657 2647 1970 2705 dispositionem
1999 2650 2075 2690 hu-

1134 2711 1199 2765 jus
1215 2707 1397 2761 ejusdem
1412 2708 1579 2750 Canonis
1604 2735 1617 2756 ‚
1646 2712 1686 2751 &
1721 2711 1988 2752 auctoritates
2012 2708 2073 2751 ibi

1136 2774 1178 2813 in
1194 2767 1494 2817 Commentario,
1507 2768 1594 2810 lato
1609 2769 1768 2810 calamo
1782 2770 1947 2811 relatas.
1958 2769 2074 2825 Qin

1138 2830 1299 2873 attendi
1316 2840 1523 2871 mereatur
1539 2857 1553 2878 ,
1573 2829 1692 2885 quod
1708 2826 2015 2884 juspatronatus
2031 2830 2075 2871 in

1139 2892 1221 2933 hoc
1238 2887 1330 2933 casu
1349 2889 1394 2931 fit
1407 2902 1457 2931 ex
1473 2888 1719 2931 fundatione
1735 2889 1883 2931 laicale
1902 2918 1915 2938 ‚
1931 2894 1969 2932 δε
1991 2889 2076 2945 pri-

1141 2953 1267 2994 mitus
1282 2947 1532 2992 reservatum
1547 2948 1692 2991 favore
1708 2963 1852 2991 eorum
1875 2950 1927 2991 de
1939 2949 2075 2991 Fami-

1140 3013 1196 3054 lia
1210 3011 1459 3054 Fundatoris
1476 3038 1490 3058 ,
1517 3014 1557 3052 δε
1572 3006 1877 3066 consequenter
1889 3006 2077 3052 reserva-

1141 3073 1333 3114 tionibus
1349 3069 1606 3126 Apostolicis
1634 3069 1804 3111 minime
1827 3069 2074 3118 obnoxium,

1140 3145 1186 3173 ut
1202 3132 1339 3175 dicam
1367 3130 1475 3172 infra
1500 3130 1588 3181 casu
1589 3129 1772 3183 sequenti
1784 3142 1887 3170 num.
1904 3143 1939 3171 1.
1965 3130 2077 3187 Qia

1084 3209 1106 3237 2
1141 3191 1236 3235 cum
1254 3193 1436 3233 extineta
1448 3189 1616 3230 Familia
1632 3216 1646 3237 ‚
1670 3186 1852 3231 fueritin
1869 3203 1921 3231 eo
1933 3186 2077 3231 substi-

1142 3264 1278 3295 tutum
1295 3249 1539 3305 Capitulum
1558 3277 1571 3297 ,
1599 3249 1698 3291 hinc
1729 3261 1956 3305 propterea
1971 3248 2077 3298 esto,

1141 3312 1260 3371 quod
1276 3310 1582 3365 juspatronatus
1600 3308 1651 3350 ab
1666 3309 1791 3351 initio
1808 3308 1934 3351 fuerit
1950 3309 2078 3350 laica-

1138 3374 1199 3423 Ie,
1213 3383 1352 3414 tamen
1364 3370 1457 3412 cum
1477 3382 1552 3426 per
1567 3369 1864 3413 extinctionem
1879 3369 2076 3467 Familiss,

1620 3429 1660 3473 Α
1677 3442 1699 3471 2
1713 3442 1737 3472 a
1945 3441 2034 3469 tran
2061 3449 2077 3460 ο
