2392 3736
564 211 566 213 ’
600 191 703 254 De
714 193 1234 282 Jurepatronatus
1251 192 1384 257 Par.
1405 196 1462 258 V
1482 197 1525 259 1.

113 290 194 344 jam
209 287 263 330 de
277 283 418 328 medio
431 279 606 330 sublata,
617 285 658 324 &
673 282 715 324 in
725 283 914 326 terminis
933 282 1038 334 ejus,
1102 295 1122 335 5

115 349 190 407 qui
218 347 440 389 clamorem
470 340 623 383 extulit
663 341 866 386 adversus
905 340 1037 389 fures,

115 404 385 465 praevidendo
400 427 414 449 ,
430 401 547 457 quod
562 399 590 440 fi
607 411 875 457 caperentur,
888 402 1036 443 ultimo

26 462 29 516 J
112 474 307 525 poterant
319 459 522 515 supplicio
540 460 739 509 maiestati,
753 461 870 519 quod
889 461 940 502 ab
957 459 1034 502 illo

27 558 29 569 s
115 536 200 568 non
211 521 480 564 contrahatur
494 519 791 576 irregularitas,
807 520 907 561 licet
920 520 1037 562 dein-

111 586 165 628 de
183 581 294 624 fures
314 578 501 635 {Judice
518 605 532 626 ,
559 579 626 620 vel
642 579 666 620 a
680 579 1036 621 circumstantibus

27 649 29 682 ἐ
106 641 356 688 occidantur
372 666 386 687 ,
422 637 551 680 docet
577 638 656 679 Del
666 643 768 680 Bene
797 639 903 679 inter
914 639 1039 680 trae?-

107 700 246 747 “moral-
275 699 400 740 trabl-
419 701 459 737 6.
482 697 529 738 de
546 698 672 740 comit.
685 698 939 753 stuparlam.
969 697 1041 738 du-

109 764 181 805 bit.
198 761 238 802 8.
253 772 357 800 num.
377 770 395 796 2
409 769 445 798 1.
461 755 632 812 &st-qq.

54 833 76 861 α
167 817 452 872 Pronegativa
469 816 571 858 verb
585 815 784 871 opinione
795 815 1034 874 facit‚quod

107 878 392 934 irregularitas
421 889 472 918 ex
491 875 722 917 homicidio
757 878 1035 925 contrahitur,

107 951 178 981 aut
191 938 388 986 ἐξιᾶσθαι
403 945 628 991 praecepto,
640 945 709 976 aut
720 935 907 982 consilio,
918 936 1034 987 juxta

108 1000 284 1043 sextum
308 997 348 1036 in
363 998 496 1050 camss
503 993 592 1048 quis
605 994 767 1035 viduam
796 995 880 1048 dist.
900 1007 966 1044 50.
995 997 1035 1037 δι

108 1056 340 1100 concordat
356 1054 509 1096 Textus
522 1053 564 1093 in
582 1065 662 1107 cap.
666 1056 785 1108 sicut,
806 1054 1035 1102 §.clericos,

107 1118 166 1160 ibi
182 1134 192 1159 ε
210 1116 258 1159 ὰ
276 1116 362 1155 illos
377 1112 450 1169 qui
458 1113 648 1165 consilium
664 1113 851 1155 dederunt
865 1143 878 1162 ,
901 1117 941 1155 δε
953 1114 1035 1155 ἱππ-,ο

105 1172 423 1231 cap.fignificasti
437 1172 469 1212 il
466 1173 631 1225 secondo
648 1200 661 1219 ,
678 1173 758 1214 ibi:
787 1187 905 1228 neque
921 1173 1041 1227 ipsius'

99 1235 224 1288 studio
235 1263 248 1283 ,
262 1233 408 1288 corfilio
420 1260 434 1279 ,
458 1231 740 1276 velmandat03
777 1232 892 1273 titulo
913 1233 958 1271 de
968 1231 1036 1271 ho-

102 1294 254 1337 micidio
269 1289 494 1334 voluntario
510 1317 524 1337 ,
541 1289 612 1330 vel
621 1290 765 1342 casuali
779 1318 792 1339 ,
811 1294 850 1332 &
871 1291 1036 1332 notabi-

105 1355 156 1396 lis
175 1354 230 1395 cst
245 1349 372 1407 glossa
387 1349 427 1389 in
441 1349 554 1390 citat.
568 1352 774 1404 cap-sicut,
787 1349 1034 1405 §.confiliutm

104 1413 190 1455 ibi:
221 1412 327 1464 &sic
341 1408 526 1464 distingue
543 1408 646 1448 circa
658 1409 756 1449 hanc
771 1410 1032 1457 materiam-2,

103 1483 174 1515 aut
191 1468 446 1512 committitur
464 1467 704 1508 homicidium
722 1469 927 1510 voluntate
937 1478 1033 1517 ,aut

91 1531 192 1585 ,usu
206 1557 220 1579 ,
234 1541 304 1572 aut
318 1527 532 1584 neteffl'tate
548 1557 560 1568 .
576 1526 619 1568 Si
631 1527 837 1570 voluntate
848 1556 860 1576 ,
873 1528 976 1584 quod
973 1528 1034 1582 fit

102 1590 232 1635 tribus
245 1589 365 1631 modis
383 1586 515 1639 ,fac‘lo
533 1614 546 1634 ,
558 1597 742 1640 praecepto
757 1615 770 1635 ,
806 1587 856 1630 ὰ
870 1588 1030 1643 consilio.

101 1652 151 1693 In
164 1662 385 1706 quocunque
399 1645 554 1697 istorum
569 1648 721 1698 casuum
731 1674 744 1694 ,
777 1646 846 1700 qui
859 1646 1032 1688 commit·-

103 1710 158 1754 tit
172 1707 428 1754 homicidium,
442 1721 516 1746 non
520 1706 652 1758 solum
664 1720 737 1746 non
752 1707 863 1747 debet
874 1718 1031 1760 promo-

103 1767 200 1811 veri
214 1769 308 1820 ,sed
322 1767 598 1820 inperpetuum
609 1765 719 1807 debet
732 1766 864 1819 deponi
879 1793 890 1805 .
904 1765 944 1806 Si
962 1779 1030 1807 au-

106 1840 192 1870 tem
210 1826 492 1883 irregularitas
505 1839 555 1866 ex
571 1824 800 1867 homicidio
816 1826 1030 1868 contrahi·

106 1899 196 1934 tur,
219 1899 302 1929 non
318 1885 447 1928 solum
464 1882 572 1928 facto
591 1912 605 1933 ‚
636 1881 706 1926 sed
722 1883 851 1926 etiam·
876 1892 1030 1940 praeee'-

103 1958 181 2004 pto
194 1974 208 1996 ,
222 1958 348 2004 atque
364 1942 538 1986 confilio
557 1943 750 1992 ‚videtur
764 1971 777 1991 ,
797 1944 912 2001 quod
930 1947 1032 1986 Ora-

104 2018 174 2049 tor
190 2019 278 2047 eam
294 2004 512 2047 incurrerit
523 2004 652 2046 statim
668 2017 715 2045 ac
729 2003 849 2044 alteri
870 2002 1032 2048 Officia-

91 2065 135 2107 ·li
150 2064 418 2108 demandavit
432 2091 446 2112 ,
475 2074 520 2103 ut
551 2062 690 2104 hostes
717 2062 900 2104 furantes
924 2060 1032 2104 inse-

49 2143 71 2184 3
104 2137 314 2182 queretur,
333 2123 406 2181 qui
424 2121 575 2164 deinde
591 2122 641 2163 ad
658 2134 833 2164 mortem
848 2122 1030 2163 damnati

31 2206 34 2227 Β
104 2183 219 2231 sunt,
248 2183 340 2225 ciim
368 2182 420 2224 ad
436 2181 723 2223 incurrendam
752 2182 792 2222 in
810 2181 874 2222 his
887 2182 1030 2223 termi-

30 2236 35 2289 ξ
104 2245 169 2285 nis
203 2243 550 2297 irregularitatem
578 2237 779 2282 sufficiens
810 2252 1027 2296 reputetur

22 2291 35 2357 J}
102 2302 390 2361 quodcunque
418 2301 566 2342 dietum
579 2327 592 2347 ‚
618 2300 684 2340 vel
701 2299 846 2341 factum
865 2327 878 2346 ,
909 2299 1026 2356 quod

30 2338 36 2424 l
101 2363 304 2417 dirigatur
317 2389 330 2410 ,
356 2361 435 2403 five
451 2359 669 2402 ordinetur
683 2360 733 2399 ad
751 2359 1022 2401 homicidium

32 2429 36 2445 ³
99 2420 198 2462 inde
214 2418 393 2462 secutum
410 2447 423 2466 ,
453 2418 802 2475 quemadmodum
831 2418 918 2472 post
934 2420 1023 2460 Na-

30 2446 36 2529 ὶ,
102 2494 263 2523 varrum
279 2508 292 2528 ‚
317 2485 356 2523 &
374 2479 538 2520 Avilam
555 2478 683 2519 docet
700 2478 870 2532 Piringh.
886 2478 941 2517 ad
955 2477 1021 2520 tit.

32 2531 37 2609 ξ
101 2542 258 2581 Dect-et.
273 2541 320 2580 de
334 2538 529 2580 homicidio
543 2537 916 2589 voluntariose0‘74.
929 2541 967 2584 §.
985 2550 1022 2579 1.

14 2593 37 2655 ζ.
89 2598 166 2650 fieb
179 2614 217 2639 er.
232 2611 256 2647 9
267 2610 302 2638 r.
317 2599 357 2640 in
373 2612 460 2654 quo
472 2610 606 2638 rerum
619 2597 800 2637 themate
816 2593 1022 2651 dispensa-

16 2656 37 2714 [ιζ
100 2659 161 2700 tio
173 2658 346 2699 obtenta
360 2658 527 2699 Oratori
552 2653 760 2710 suffragari
778 2669 859 2697 non
877 2653 1021 2711 posset.

15 2716 37 2767 ζμ
159 2716 341 2758 Additur
359 2744 372 2764 ,
406 2715 522 2772 quod
550 2714 574 2756 fi
592 2717 746 2756 Orator
763 2713 847 2770 ipse
864 2713 1022 2756 insecu-

15 2762 38 2831 ξι
99 2787 166 2818 tus
185 2773 318 2818 fuisset
332 2773 511 2816 furantes
531 2802 543 2821 ,
559 2774 713 2832 eosque
729 2773 1024 2829 apprehendis-

16 2839 28 2875 5
98 2833 157 2877 set
175 2863 189 2883 ‚
231 2834 443 2891 iidemque
475 2833 643 2875 subinde
672 2847 806 2876 morte
839 2834 1021 2875 mulctati

15 2884 26 2947 i
97 2892 284 2941 fuissent,
300 2887 535 2948 irregularis
546 2891 704 2935 evafiffe
723 2893 805 2934 dici
822 2891 952 2947 posset
971 2906 1022 2935 ex

16 2948 29 3002 ἓ,
95 2954 329 2996 homicidio
347 2950 487 2994 secuto
504 2982 516 2993 .
545 2952 658 2994 Idem
674 2967 776 3007 ergo
794 2953 1020 3003 judicium,

17 2972 41 3081 εξ
73 3036 76 3039 ·
95 3011 310 3058 ferendum
328 3010 406 3053 effe
422 3011 601 3060 videtur,
617 3014 737 3053 etiam
754 3013 794 3053 in
811 3011 1019 3067 hypothe-

18 3083 29 3116 ε.
95 3071 152 3121 fi,
178 3074 221 3114 in
240 3085 321 3128 qua
335 3074 488 3113 Orator
513 3085 595 3112 non
613 3071 667 3112 est
684 3068 890 3112 insecutus
907 3099 919 3118 ,
948 3068 1017 3111 sed

10 1523 11 1526 „
13 1466 17 1483 Ν
12 1338 15 1339 ¹
13 1281 18 1297 Q
12 1169 17 1190 -
5 1078 16 1141 ·...·
7 1011 17 1030 ,v
0 959 14 982 gi
0 886 2 891 -

26 1223 35 2204 Qr<4-—-.s.0——.—MM.-Q-——-v.02
27 1131 30 1150 ψ
26 1007 30 1098 „⁴„-.„
26 958 29 986 ⁴*
27 886 29 892 .
27 799 29 803 ,

20 3086 42 3197 ἕξ
91 3132 214 3174 alteri
239 3131 449 3173 mandavit
465 3158 478 3179 ,
507 3142 551 3171 ut
572 3129 684 3171 fures
715 3129 1016 3186 insequeretur,

20 3202 30 3232 ‘a
87 3192 169 3248 qui
198 3190 458 3246 postmodum
477 3189 728 3245 aJudicibus
761 3191 909 3231 ultimo
926 3187 1016 3230 fue-

24 3217 42 3326 i
94 3261 190 3293 runt
205 3247 335 3291 affeffi
352 3249 553 3305 supplicio
571 3277 584 3297 ,
617 3248 677 3289 uti
691 3250 839 3304 probat
861 3247 1015 3290 Textus

33 3332 43 3372 J
95 3307 137 3349 in
149 3320 231 3361 cap.
246 3309 281 3348 is
296 3335 310 3355 ,
327 3310 396 3364 qui
408 3310 455 3349 de
467 3307 661 3349 homicidio
679 3307 719 3347 in
735 3313 774 3347 6.

152 3368 228 3408 His
247 3365 385 3423 pofitis
402 3396 417 3418 ,
435 3368 714 3426 dignabuntur
740 3367 822 3410 ΕΕ.
838 3368 930 3410 VV.
947 3367 1023 3410 de-

96 3438 289 3469 cernere.

155 3490 254 3528 Pars
272 3488 336 3528 VI.

1215 287 1276 325 An
1291 282 1455 324 oratori
1451 279 1699 339 sufflageeur
1723 281 1880 339 obtenta
1893 214 2088 337 dffp4e'rPffi9-

1155 340 1211 384 tio
1223 369 1239 390 ,
1256 341 1296 382 in
1311 342 1397 394 casu
1407 341 1493 384 &c-

1211 401 1427 456 Negative
1444 427 1456 440 .

1152 520 1449 578 Antequexen.
1466 519 1508 562 in
1523 517 1655 560 Indiis
1667 517 2029 562 occidentalibus.

1405 651 1475 679 22.
1493 637 1640 693 Aprilis
1662 648 1787 688 1719.

1292 757 1319 799 S
1348 757 1391 798 U
1420 757 1466 798 M
1496 757 1542 800 M
1573 758 1613 799 A
1643 757 1677 798 R
1706 756 1725 796 1
1755 757 1795 796 U
1825 754 1898 797 M.

1098 889 1116 916 1
1180 878 1380 931 Episcopus
1403 875 1570 917 indicere
1579 874 1701 930 potest
1717 874 1858 926 Festum
1884 875 1932 915 de·
1940 886 2085 928 praece-

1090 3379 1106 3406 1

1203 947 1275 989 pto
1289 936 1408 988 insua
1421 937 1580 991 Dioecesi
1588 937 1634 975 de
1649 934 1820 987 consensu
1835 933 2018 987 Capituli;
2032 949 2085 974 an

1211 994 1374 1096 ‹ger-ogr?
1384 995 1610 1054 neceffi'vrius
1626 994 1818 1048 cousensus
1832 994 1962 1050 Populi
1975 996 1993 1036 ἓ
2020 993 2084 1037 vi-

1246 1067 1268 1095 e
1285 1067 1298 1095 1
1332 1067 1346 1095 1
1362 1083 1374 1095 .

1362 1181 1496 1227 Seffi25.
1508 1183 1548 1217 de
1560 1181 1676 1228 Regul.
1687 1192 1813 1229 cap.12.

1192 1289 1195 1291 ’
1254 1286 1450 1346 Piscopus
1466 1289 1761 1344 Antequexen.
1789 1290 1830 1331 in
1853 1288 1980 1331 Indiis
1999 1289 2086 1331 Oc-

1282 1349 1566 1391 cidentalibus
1590 1349 1734 1390 literas
1750 1348 1872 1390 dedit
1887 1347 2087 1392 Sanetiffi-

1153 1423 1223 1450 mo
1246 1409 1432 1450 Domino
1451 1408 1606 1451 Nostro
1621 1435 1635 1456 ,
1648 1409 1689 1449 in
1707 1409 1860 1464 quibus
1880 1406 2086 1464 exposuit,

1153 1468 1271 1525 quod
1286 1469 1327 1509 in
1341 1467 1407 1509 {ua
1423 1468 1611 1510 Civitate
1625 1468 1806 1522 plurimae
1822 1467 1976 1509 fiebant
1991 1482 2088 1524 pro-

1151 1526 1351 1570 cessiones
1370 1539 1561 1582 tempore
1575 1526 1904 1584 Qiadragefimae
1925 1555 1938 1575 ,
1967 1531 2004 1569 ὃ(
2035 1526 2085 1568 fi'-

1153 1598 1330 1642 gnanter
1355 1588 1398 1628 in
1414 1586 1680 1628 hebdomada
1698 1587 1873 1639 majori,
1898 1590 1937 1629 &
1967 1585 2087 1643 quod

1148 1643 1373 1702 praesertim
1392 1657 1584 1700 tempore
1601 1647 1731 1687 noetis
1749 1674 1762 1692 ‚
1789 1646 1882 1688 cum
1903 1644 2086 1687 functio-

1150 1718 1224 1748 nes
1241 1705 1323 1747 illae
1352 1705 1405 1746 ad
1421 1705 1589 1745 multam
1609 1708 1767 1746 noctem
1800 1702 2087 1760 produceren-

1148 1776 1232 1812 tur,
1250 1761 1440 1806 scandala
1455 1762 1737 1820 sequebantur
1752 1792 1765 1812 ,
1783 1767 1822 1807 &
1840 1761 1945 1807 mala
1957 1792 1970 1812 ‚
1992 1779 2083 1822 quae

1149 1837 1236 1866 non
1254 1824 1353 1865 licet
1370 1824 1527 1865 homini
1543 1823 1691 1880 loqui,
1718 1823 1870 1866 nedum
1903 1827 1945 1866 in
1962 1825 2084 1873 vicis,

1150 1886 1189 1925 &
1206 1883 1380 1938 plateis,
1396 1881 1467 1924 sed
1486 1883 1612 1924 etiam
1630 1883 1670 1924 in
1687 1882 1778 1938 ipsis
1793 1882 1986 1927 Ecclefiis
2004 1911 2018 1931 ,
2042 1887 2084 1926 δε

1149 1942 1266 1999 quod
1282 1942 1442 1984 idcirco
1469 1937 1556 1997 ipse
1571 1941 1790 1997 prohibuit
1805 1942 2082 1998 processiones

1150 2015 1343 2058 tempore
1368 2000 1697 2058 Qadragefimae
1711 2030 1725 2050 ‚
1761 2003 1947 2057 exceptis
1978 2002 2084 2045 dua-

1149 2062 1228 2104 bus
1257 2063 1299 2103 in
1330 2060 1434 2103 feria
1459 2058 1575 2102 sexta
1596 2059 1763 2111 majoris
1794 2062 2084 2112 hebdomadae,

1149 2119 1236 2163 lata
1261 2121 1357 2178 lege
1373 2148 1388 2168 ,
1415 2119 1531 2177 quod
1558 2119 1661 2163 feria
1683 2121 1829 2178 quinta
1858 2122 1900 2163 in
1921 2125 2083 2166 Coena.»

1148 2181 1482 2222 Domini-omnes
1498 2179 1686 2221 Ecclefiae
1698 2181 1993 2229 clauderentur
2009 2182 2083 2224 ho.

1147 2238 1192 2282 ra
1210 2238 1322 2283 nona
1338 2239 1428 2295 post
1443 2239 1658 2281 meridiem
1671 2266 1684 2287 ‚
1701 2244 1739 2282 δι
1755 2240 1871 2297 quod
1888 2240 2082 2297 demuma

1146 2297 1280 2353 spatio
1317 2298 1559 2356 quindecim
1591 2311 1817 2347 annorum,
1842 2299 1928 2341 haec
1942 2302 2084 2343 omnia

1144 2357 1327 2400 feliciter
1344 2386 1358 2406 ,
1387 2361 1425 2400 &
1440 2371 1531 2401 cum
1546 2356 1686 2413 plausu
1703 2361 1946 2400 executioni
1966 2373 2084 2401 man-

1141 2417 1241 2459 data
1253 2417 1345 2460 sunt
1366 2445 1380 2465 ,
1395 2417 1488 2459 cum
1505 2418 1686 2473 populus
1706 2431 1789 2459 non
1805 2416 1849 2458 fit
1866 2418 1974 2460 durae
1991 2432 2082 2460 cer-

1140 2478 1248 2521 vicis
1268 2505 1280 2526 ,
1301 2490 1378 2517 nec
1395 2476 1546 2518 domus
1564 2475 1608 2517 fit
1626 2474 1871 2530 exasperans
1889 2505 1900 2515 .

1199 2537 1245 2578 In
1283 2533 1424 2576 iisdem
1470 2547 1643 2591 quoque
1679 2536 1812 2576 literis
1841 2538 2080 2591 exponitur,

1142 2595 1261 2653 quod
1278 2594 1329 2635 ad
1346 2593 1541 2645 majorem
1561 2595 1641 2635 Dei
1657 2595 1830 2651 gloriam
1843 2623 1856 2643 ,
1886 2596 2078 2639 adhibito

1140 2654 1314 2697 confilio
1331 2681 1344 2701 ,
1364 2657 1401 2695 &
1419 2650 1617 2695 consensu
1633 2655 1818 2709 Capituli
1838 2655 2078 2698 Cathedra-

1142 2715 1193 2755 lis
1208 2712 1396 2757 Ecclefiae
1411 2741 1424 2760 ,
1442 2717 1479 2755 &
1498 2713 1808 2768 Magistratuum
1832 2742 1845 2762 ,
1866 2717 2077 2770 praecepit,

1145 2786 1190 2815 ut
1207 2773 1298 2814 dies
1313 2773 1620 2827 Expestationis
1635 2771 1871 2814 Beatiffimae
1893 2775 2079 2831 Virginis

1145 2832 1284 2874 Mariae
1299 2861 1310 2879 ,
1328 2833 1401 2888 qui
1419 2830 1566 2889 maguti
1585 2846 1675 2873 cum
1694 2833 1942 2874 celebritate
1960 2847 2080 2876 reco-

1141 2893 1242 2933 litur
1262 2920 1274 2939 ,
1293 2891 1496 2933 habeatur
1513 2919 1525 2938 ,
1558 2895 1595 2933 δε
1609 2891 1651 2932 fit
1669 2891 1835 2933 festivus
1857 2892 1908 2932 dc
1924 2907 2079 2948 praece-

1138 2963 1212 3007 pto
1229 2967 1238 2996 ;
1261 2964 1440 3007 cumque
1459 2949 1684 3006 Episcopus
1700 2951 1868 2994 Summo
1887 2951 2079 2995 Pontifici

1139 3012 1375 3053 exoraverit
1403 3025 1478 3065 pro
1494 3011 1639 3052 horum
1661 3013 1843 3052 omnium
1858 3010 2077 3053 confirma-

1134 3072 1252 3112 tione
1269 3099 1282 3117 ,
1314 3073 1352 3112 &
1379 3069 1402 3111 a
1418 3071 1641 3111 Sanctitate
1657 3070 1736 3111 Sua
1757 3069 1908 3112 fuerint
1925 3085 2070 3126 preces

1135 3127 1300 3172 remiffae
1342 3129 1393 3170 ad
1423 3130 1529 3170 hanc
1557 3129 1720 3171 Sacram
1760 3133 2078 3188 Congregatio-

1134 3203 1225 3231 nem
1242 3217 1253 3235 ,
1279 3190 1320 3230 in
1336 3186 1522 3244 praesenti
1539 3189 1745 3243 agendum
1762 3190 1817 3230 est
1831 3218 1844 3237 ‚
1873 3203 1921 3231 an
1939 3191 2074 3247 gesta,

1132 3250 1184 3290 ab
1218 3245 1426 3303 Episcopo
1452 3245 1526 3289 fint
1559 3250 1806 3291 auetoritate
1830 3248 2075 3305 Apostoliczi

1145 3305 1432 3350 confirmanda
1454 3334 1466 3346 .

1201 3366 1354 3420 Qoad
1385 3366 1495 3406 diem
1523 3366 1668 3423 itaque
1684 3365 1826 3410 festum
1854 3369 1907 3409 de
1923 3382 2078 3423 praece-

1139 3437 1215 3482 pto
1232 3426 1541 3482 Expestatioru's
1562 3427 1696 3469 Beatae
1715 3427 1855 3469 Mariae
1874 3428 2076 3483 Virginis,

1150 3518 1153 3519 γ
1663 3488 1691 3527 F
1705 3485 1727 3527 f
1739 3485 1763 3528 f
1998 3499 2077 3542 pro
