2430 3776
0 110 6 234 l
81 211 90 223 .
322 169 421 251 De
433 164 953 250 Jurepatronatus
975 134 1106 225 Par.
1122 164 1206 228 V.
1230 165 1390 228 Can.
1414 163 1516 227 XI.
1543 167 1759 230 Casill.

0 282 8 322 i

0 266 4 279 ’
53 303 55 305 ·
91 270 323 319 fundatrice
347 270 604 324 cappellanus
629 277 766 308 orator
785 278 996 326 teneatur.

0 322 20 383 {32
39 342 66 382 ι·
83 350 89 359 ·
127 333 316 377 studens
334 333 376 372 in
394 331 471 371 hac
489 325 625 370 Causa
641 341 776 369 meum
794 329 1025 383 aperiendo

0 396 19 457 Γ
56 403 67 442 '22
91 404 237 440 votum
260 390 490 433 sentiebam
505 416 520 437 ,
549 389 700 429 dictum
718 388 1024 443 Cappellanum

0 457 19 477 '⁴
50 449 226 497 7⁴*teneri
244 451 297 492 ad
319 450 403 491 duo
420 445 713 491 Anniversaria
728 475 742 495 ,
758 451 798 489 &
814 447 866 488 ad
882 447 1023 488 Missas

0 465 20 570 ll
49 487 158 564 3534
176 511 353 557 formam
385 508 560 550 Decreti
587 504 935 562 Archiepiscopi;
980 510 1021 549 &

3 559 20 619 l
83 573 325 619 *nuilatenus
351 569 437 611 haec
465 581 592 610 onera
606 567 835 623 adimplere
852 568 1022 609 ommit-

42 627 340 688 ¹J-.›geg=e,posse;
374 628 651 684 Cappellania
681 639 861 684 namque
887 626 1024 678 hujus-

36 699 38 701 ’
69 692 209 739 ,modi
241 703 324 734 non
353 685 485 731 solnm
515 688 645 728 habet
672 699 876 728 annexum
913 701 1022 729 onus

71 749 268 802 'sueorum
283 741 672 792 Anniversariorum
689 747 886 803 quolibet
898 760 1024 793 anno,

17 806 19 815 A

13 871 220 917 “sind
235 871 383 914 Altare
401 865 655 911 Sanfflffimae
681 866 996 922 Conceptionis
1010 894 1026 914 ,

15 935 17 964 ;
63 936 70 954 ⁷²
94 933 191 977 dum
201 929 431 973 F-undatrix
449 928 586 971 voluit
599 926 718 983 quod
735 927 1023 981 cappellanus

22 988 23 991 ¹
94 991 288 1034 officiare
315 988 471 1030 debeat
494 990 536 1030 in
550 985 658 1027 dieca
673 985 856 1028 Ecclesia
872 985 1026 1030 Colle-

16 1040 17 1044 *
35 1100 38 1102 ,
94 1054 203 1111 giata
216 1051 257 1091 S.
273 1048 487 1092 Laurentii
501 1059 626 1087 unum
641 1046 808 1098 Altare,
824 1043 893 1087 seu
910 1046 1026 1101 Cap-

71 1111 245 1169 ,pellam
278 1107 534 1150 intitulatam
558 1102 632 1147 sub
653 1106 824 1148 nomine
853 1108 1027 1149 Conce-

67 1167 247 1228 'peinais
261 1168 308 1208 B.
324 1168 378 1211 V.
394 1166 536 1208 Mariae
553 1180 630 1221 pro
648 1166 752 1218 ejus,
771 1163 1026 1220 suorumque

85 1229 336 1279 Animabus,
352 1238 398 1269 ut
425 1224 584 1269 faciunt
599 1226 672 1267 alii
689 1224 942 1280 Cappenani
960 1223 1027 1265 di-

30 1302 34 1303 ’
81 1285 366 1336 ’ἂιΕοεΙείίε
381 1286 638 1329 S.Laurentii
653 1287 695 1327 in
710 1285 831 1334 diet-is
843 1284 1028 1340 Cappel-

34 1359 35 1362 ’
77 1349 270 1395 'liadistae
285 1345 500 1396 Ecclesia,
522 1349 566 1400 Ἴδι’.
583 1344 739 1386 debeat
755 1343 894 1395 facete
910 1357 1029 1401 quo-

34 1427 38 1430 *
78 1400 195 1455 jubet
221 1420 334 1453 anno
352 1407 394 1448 in
411 1416 658 1462 perpetuum
675 1405 762 1447 duo
776 1401 1028 1447 Anniversa-

37 1461 40 1490 Ῑ
70 1470 152 1515 sia
165 1496 189 1519 ,2
200 1465 279 1516 stus
294 1465 440 1513 Officia
455 1479 532 1522 pto
547 1465 700 1510 Anima
713 1468 793 1508 &c.
810 1464 1028 1514 Verbum..-

24 1578 27 1580 ,
62 1536 229 1588 *autem
240 1525 417 1581 Officiare
432 1526 526 1569 cum
543 1523 589 1566 sit
604 1525 884 1582 aequivocum,
908 1527 948 1566 &
964 1520 1030 1565 su-

30 1637 36 1643 ·
75 1597 78 1619 ³
91 1589 147 1635 mi
158 1587 282 1646 ‘possit
297 1598 381 1630 tam
397 1600 474 1643 pro
488 1585 657 1628 recitare
673 1583 870 1638 Psalmos,
901 1597 1026 1641 quam

25 1658 35 1692 i
71 1647 380 1719 ,Kofekbmrf
394 1645 685 1713 Midian-cum
708 1644 876 1712 nomine
900 1646 941 1696 Q
977 1642 1028 1683 cii

25 1693 35 1759 l
90 1716 260 1754 veniant
273 1707 465 1749 ordinata
480 1717 622 1747 tamin
637 1705 851 1746 Breviario
864 1730 877 1752 ,
897 1702 1026 1759 quam

26 1763 33 1811 s
89 1770 134 1812 in
159 1764 309 1814 Missali
322 1793 340 1816 ,
363 1775 619 1808 concurrunt
656 1764 725 1805 hic
757 1763 1028 1820 quamplures

26 1814 31 1870 ἶ
73 1827 336 1883 ..conjesturae
351 1853 366 1875 ,
404 1837 496 1882 quae
538 1823 815 1866 verisimiliter
851 1819 1026 1864 suadent

27 1882 43 1934 ¹,
70 1918 78 1934 ι
119 1887 382 1934 undatricem
414 1882 590 1935 voluisse
621 1881 780 1925 sumere
821 1883 1028 1924 verbum..-

64 1946 288 2003 ²nffleiare,
316 1959 394 2002 pto
410 1944 604 1986 celebrare
622 1943 764 2001 Miffizs
780 1970 792 1981 .

101 2008 283 2051 -rzPrima
296 2004 534 2056 conjectura
545 2003 618 2052 est,
634 2004 733 2060 qnia
747 2001 920 2046 verbum
936 1998 1030 2054 Offi-

72 2065 193 2112 ’,ἀπε
215 2065 296 2109 fuit
329 2065 528 2108 directum
554 2064 578 2105 a
598 2062 850 2103 Fundatrice
870 2076 956 2104 non
974 2060 1028 2102 ad

42 2155 46 2160 ·
87 2125 313 2171 aerlefiam
329 2153 343 2173 ,
373 2125 426 2165 ad
457 2124 574 2176 cujus
607 2123 756 2165 Altare
772 2121 901 2172 majus
921 2123 1030 2162 reci-

39 2192 41 2196 “
91 2195 232 2231 untur
251 2186 363 2233 horae
379 2183 620 2231 Canonicae,
636 2181 707 2223 sed
721 2181 1029 2236 particulariter

31 2251 37 2292 ἓ
72 2245 303 2292 'Mltare
318 2242 572 2286 Sanetiffimae
585 2243 894 2296 Conceptionis
909 2257 920 2286 ;
935 2253 1028 2283 ete-

31 2299 41 2351 ³,
76 2307 177 2356 ”him
205 2305 233 2347 si
250 2305 419 2347 nomine
433 2302 613 2357 officiare
629 2298 897 2343 intellexisset
917 2303 1028 2342 Fun-

34 2376 50 2410 ζ
69 2366 231 2413 :datrix
244 2366 422 2407 recitare
437 2363 562 2404 horas
580 2362 836 2415 canonicas,
854 2374 939 2402 non
955 2374 1029 2402 au-

38 2458 49 2475 r„
91 2432 177 2477 'tem
191 2425 409 2468 celebrare
424 2420 592 2469 Missas,
608 2420 713 2464 illud
742 2417 954 2463 direxisset
974 2420 1030 2463 ad

35 2496 54 2523 ’»
71 2483 325 2537 Bctclesiam'¹
341 2481 626 2540 Collegiatam
643 2510 659 2529 ,
682 2485 722 2524 &
739 2495 822 2530 non
836 2480 888 2522 ad
898 2481 1031 2538 parti-

46 2550 48 2554 '
79 2546 230 2595 eulare
257 2545 434 2589 Altare;
466 2543 571 2584 alias
598 2541 691 2584 cnm
708 2542 835 2594 etiam'
856 2540 1028 2582 manda-

115 2607 221 2654 ¹‘'i-it,
236 2605 370 2662 >quod
386 2600 480 2645 suus
509 2601 796 2658 Cappellanus
828 2599 1029 2645 officiaret

48 2654 54 2660 ’
78 2655 239 2711 altare
258 2662 514 2709 Saustiffiinae
541 2661 884 2717 Conceptionis,
910 2673 952 2702 ut
965 2661 1028 2702 fa-

52 2811 53 2814 =
90 2783 145 2834 ‘flii
160 2785 374 2828 Laurentii
389 2780 432 2825 in
443 2782 662 2838 cappellis
680 2778 862 2832 ejusdem
881 2781 1028 2823 Eccle-

59 2891 66 2898 ,γ
82 2840 154 2899 ξε
172 2855 238 2887 tot
254 2840 381 2885 essent
396 2840 530 2885 Chori
544 2869 558 2890 ,
578 2853 685 2900 quot
700 2841 932 2896 Cappellae,
959 2838 1027 2883 seu

88 2902 283 2951 ''altaria-
518 2914 525 2946 ·,
548 2918 552 2921 ’

39 2960 47 2967 ’
68 2956 126 2994 '³'
143 2962 342 3011 Secunda
357 2962 413 3005 est
427 2990 441 3011 ,
473 2962 571 3019 quia
596 2963 734 3012 voluit
749 2989 762 3010 ,
783 2961 900 3018 quod
919 2963 1031 3016 Cap-

62 3050 71 3054 -
98 3023 137 3078 Ἃ,
167 3023 284 3069 lanus
296 3020 502 3066 officiaret
514 3022 663 3065 Altare
678 3037 757 3078 pro
776 3023 927 3062 Anima
946 3018 1029 3070 sua,

53 3091 61 3099 “
78 3094 79 3099 ’
159 3081 326 3129 suorum
344 3110 358 3131 ,
387 3082 545 3124 adeout
569 3083 749 3124 intendit
769 3079 1031 3136 suffragium.)

30 3142 34 3147 '
72 3160 74 3164 ·
106 3143 113 3150 '
141 3144 282 3191 nimaej
314 3141 443 3194 majus
460 3153 598 3184 autern
621 3141 855 3196 suffragium
879 3140 1030 3182 Anima

28 3239 29 3242 ,
87 3198 244 3260 incipit
269 3202 292 3245 a
307 3202 598 3244 celebratione
618 3199 822 3242 Miffarum
838 3229 850 3249 ,
867 3215 990 3257 quam
1007 3202 1031 3243 a

5 3258 27 3316 ζ’
94 3255 347 3310 {miratione
366 3263 562 3304 horarum
578 3261 901 3303 Canonicarum.
916 3267 1031 3302 Amo-

26 3332 31 3346 ⁹
63 3326 69 3334 '
88 3318 197 3373 staz-
213 3323 260 3370 de
273 3321 382 3375 Catgfi
393 3321 472 3375 piis
488 3321 600 3362 liba.
614 3332 697 3375 cap.
703 3332 741 3372 3.
767 3333 851 3372 n.4-
877 3319 926 3363 &¹
939 3320 1029 3376 seq.

6 3425 8 3427 ,
25 3401 30 3422 a
89 3376 328 3438 wignandi.
343 3381 499 3434 consult.
517 3380 697 3422 Canonic.
721 3392 738 3420 1
749 3393 768 3431 3
779 3394 821 3430 9.
848 3394 953 3421 num.
964 3394 979 3420 1
994 3394 1007 3419 1
1018 3409 1030 3421 .

10 3445 13 3447 ’
93 3430 152 3485 οὗ·
169 3450 412 3494 ¹3.tom.1.,
437 3446 478 3487 δε
505 3438 815 3499 consequenter
834 3441 1027 3484 nominc:

45 820 70 857 ι’
94 825 234 857 verum
251 811 376 852 etiam
397 809 526 850 habet
541 820 648 850 onus
668 806 911 848 celebrandi
928 803 1027 848 Mis-
1058 837 1061 840 Α

77 2723 207 2779 'fiunt
225 2723 296 2767 alii
312 2722 563 2780 Cappellani
583 2722 699 2764 diecae
719 2719 908 2770 Ecclesjae
925 2722 1028 2763 San·
1043 2708 1052 2718 ⁴
1077 2728 1079 2731 ’

1147 270 1331 324 officiare
1358 271 1506 314 Altare
1524 300 1538 320 ,
1593 275 1730 315 voluit
1764 275 2101 319 celebrationem

1147 327 1383 375 Missarum3
1418 331 1470 372 Et
1499 333 1558 385 ita
1585 330 1815 375 resolutum
1843 337 1923 376 fuit
1945 338 1997 379 ab
2029 350 2103 379 ea-

1146 390 1240 432 dem
1258 390 1298 430 S.
1319 390 1675 448 Congregatione
1691 392 1732 431 in
1748 393 1975 437 Florentina
1994 399 2102 439 Abo-

1142 449 1292 490 litionis
1307 450 1435 490 oneris
1456 463 1472 490 1
1487 464 1523 493 1.
1555 452 1786 492 Decembris
1818 466 1946 502 1717.

1087 519 1105 557 ς
1200 510 1491 565 Supponamus
1510 539 1524 560 ,
1557 511 1675 568 quod
1712 510 1881 567 simplex
1902 513 2099 557 Clericus

1142 571 1275 611 aetatis
1303 571 1454 625 viginti
1481 584 1688 612 annorum
1728 585 1764 612 e.
1785 585 1825 626 g.
1857 572 2095 615 obtinuerit

1141 628 1395 681 Beneficium
1417 631 1472 678 A,
1490 631 1677 674 obtineri
1698 629 1870 672 solitum
1899 632 1923 673 a
1947 631 2104 688 simpli-

1147 690 1269 731 cibus
1305 689 1487 732 Clericis
1514 704 1563 733 ea
1603 701 1723 732 aetate
1759 691 1995 733 constitutis
2024 709 2033 732 :
2076 692 2103 734 si

1146 748 1302 794 deinde
1330 751 1570 805 reperiatur
1593 751 1916 792 instrumentum
1950 751 2103 794 funda-

1145 809 1292 857 tionis,
1310 813 1349 851 &
1368 810 1427 851 ibi
1448 810 1631 865 legatur,
1649 810 1769 868 quod
1786 810 1942 852 dictum
1967 811 2100 854 bene-

1145 866 1288 910 ficium
1304 868 1349 910 sit
1366 872 1457 911 aestu
1478 870 1774 919 Sacerdotale,
1790 869 1835 911 sit
1851 869 2099 914 residentia-

1146 927 1215 976 le,
1247 932 1287 970 &
1303 930 1490 986 requirat
1509 942 1672 972 aetatem
1697 931 1873 985 triginta
1905 933 2098 989 quinque

1152 1000 1387 1038 annorum;
1419 991 1618 1045 quaeritur
1645 1003 1695 1031 an
1727 988 1925 1032 Praefatus
1959 991 2100 1033 Cleri-

1147 1059 1220 1090 cus
1241 1060 1325 1088 non
1343 1048 1612 1103 qualificatus
1643 1051 1695 1090 ad
1728 1049 1904 1091 formam
1939 1048 2093 1093 funda-

1148 1106 1296 1153 tionis,
1317 1107 1437 1160 poffit
1454 1110 1637 1149 retinere
1653 1110 1807 1151 dici-um
1826 1109 2099 1160 beneficium,

1150 1166 1303 1221 vigore
1322 1163 1400 1207 suae
1420 1167 1673 1222 provisionis
1689 1197 1703 1217 ,
1736 1169 1806 1211 vel
1828 1171 1969 1224 potius
1990 1171 2102 1212 indi-

1151 1237 1250 1281 geat
1278 1222 1586 1281 dispensatione
1609 1255 1622 1275 ,
1652 1240 1743 1284 quae
1759 1228 2101 1279 diciturPerinde

1149 1285 1307 1333 valere,
1323 1288 1364 1328 &
1380 1300 1430 1328 an
1452 1286 1539 1328 haec
1553 1286 1599 1328 sit
1611 1287 1648 1328 ei
1669 1288 1982 1336 concedenda?

1209 1342 1464 1402 Respondeo
1495 1360 1579 1390 non
1615 1343 1727 1402 posse
1752 1345 1967 1403 praefatutn
1994 1349 2099 1392 Cle-

1154 1407 1287 1451 ticum
1308 1406 1457 1464 vigore
1476 1404 1554 1448 suae
1571 1406 1819 1463 provisionis
1835 1408 2016 1450 retinere
2037 1411 2101 1451 di-

1149 1468 1256 1508 etum
1275 1465 1524 1508 beneficium
1546 1495 1560 1515 ,
1592 1478 1741 1523 utpote
1771 1481 1856 1509 non
1881 1467 2101 1525 qualifica-

1152 1537 1241 1567 tum
1256 1526 1310 1567 ad
1328 1524 1504 1568 formam
1519 1526 1644 1579 hujus
1657 1526 1939 1576 fundationis,
1955 1525 2026 1570 sed
2038 1529 2102 1572 in·-

1149 1585 1299 1643 digere
1314 1583 1640 1643 dispensatione,
1655 1600 1747 1644 quae
1762 1587 1916 1630 dicitur
1929 1589 2100 1630 Perinde

1149 1646 1319 1692 valere3
1343 1650 1384 1688 &
1411 1647 1519 1694 hanc
1556 1645 1636 1688 esse
1664 1648 1703 1688 ei
1726 1647 1767 1689 in
1786 1648 1868 1689 hoc
1889 1646 2100 1709 casuscon-

1147 1705 1379 1747 cedendam
1395 1733 1409 1753 ‚
1429 1717 1589 1754 attenta
1609 1706 1697 1758 ejus
1713 1706 1826 1750 bona
1842 1705 1925 1749 fide
1941 1737 1955 1757 ,
1990 1723 2099 1766 qua..

1145 1764 1226 1807 fuit
1241 1764 1421 1820 adeptus
1448 1764 1733 1822 poss'effionem
1765 1766 1992 1817 beneficii,
2021 1782 2098 1811 nec

1147 1838 1234 1868 non
1262 1825 1518 1880 praecedenti
1545 1823 1837 1876 observantia,
1871 1841 1954 1884 qua
1989 1826 2100 1880 ejus-

1149 1885 1246 1925 dem
1262 1883 1587 1927 Praedeceffores
1605 1887 1648 1926 in
1666 1886 1771 1928 statu
1788 1885 1918 1929 solius
1953 1888 2097 1930 Cleri-

1149 1955 1267 1985 catus
1286 1943 1328 1984 id
1345 1943 1603 1986 Beneficium
1622 1943 1714 1987 sunt
1737 1943 1942 2003 assequuti
1959 1975 1973 1996 ,
2000 1949 2097 1990 &in

1150 2015 1273 2047 aetate
1289 2004 1442 2045 mmori
1460 2031 1474 2052 ,
1498 2004 1624 2062 quam
1646 2006 1766 2046 annis
1781 2007 1955 2060 triginta
1972 2009 2098 2064 quin-

1151 2077 1234 2121 que
1255 2079 1266 2108 ;
1300 2076 1346 2104 ac
1376 2075 1544 2106 attento
1563 2091 1578 2112 ,
1619 2065 1740 2120 quod
1773 2065 1913 2108 nullus
1949 2068 2097 2110 existat

1150 2123 1439 2166 contradictor
1461 2152 1475 2172 ,
1505 2135 1548 2166 ut
1564 2124 1608 2164 in
1624 2125 1814 2167 terminis
1837 2125 1960 2179 hujus
1981 2125 2097 2170 casus

1149 2181 1377 2225 resolutum
1406 2182 1490 2225 fuit
1519 2184 1543 2225 a
1564 2183 1689 2226 Sacra
1719 2185 2096 2240 Congregationeae

1147 2243 1335 2285 Concilii
1374 2244 1418 2284 in
1457 2247 1637 2285 parmen.
1679 2243 1979 2298 dispenshtianis
2026 2259 2094 2287 12.

1147 2303 1296 2359 Aprilis
1319 2315 1447 2353 1710.

1205 2363 1499 2420 Supponamus
1521 2363 1544 2404 ὲ
1572 2375 1736 2412 contra,
1770 2366 1891 2423 quod
1922 2380 2007 2410 non
2026 2381 2094 2409 re-

1146 2424 1329 2480 periatur
1353 2423 1667 2467 Instrumentum
1693 2424 1958 2468 fundationis
1978 2428 2095 2483 Cap-

1148 2483 1340 2539 pellaniae
1367 2488 1509 2527 erestae
1539 2498 1576 2525 e.
1594 2500 1634 2541 g.
1656 2487 1697 2526 in
1729 2485 1909 2527 Ecclesia
1928 2487 2093 2527 Cathe-

1146 2544 1279 2588 drali3
1312 2544 1654 2599 &Cappellanus
1682 2557 1829 2586 renuat
1857 2546 2091 2601 adimplere

1148 2617 1277 2645 onera
1297 2596 1349 2643 ab
1372 2603 1583 2659 Episcopo
1614 2606 1658 2645 in
1690 2605 1879 2646 Tabellis
1907 2604 2091 2660 praescri-

1146 2675 1244 2718 pta;
1275 2660 1448 2719 &usque
1465 2663 1601 2705 adhuc
1619 2664 1669 2705 ab
1691 2665 1886 2706 omnibus
1905 2665 2092 2720 Cappel-

1146 2723 1253 2764 lanis
1276 2737 1352 2778 pro
1374 2735 1566 2778 tempore
1585 2721 1807 2765 observata
1822 2752 1838 2772 ,
1869 2738 1920 2765 eo
1941 2727 2091 2781 praeci-

1148 2783 1227 2839 pue
1246 2781 1522 2824 fundamento
1535 2811 1548 2831 ,
1565 2783 1683 2839 quod
1699 2784 1742 2824 in
1759 2784 1852 2825 aliis
1872 2783 2093 2828 fundatio-

1148 2845 1226 2883 bus
1246 2843 1617 2898 Cappellaniarum
1639 2845 1865 2885 erenstarum
1882 2844 1925 2886 in
1942 2845 2090 2888 cadem

1148 2902 1396 2945 Cathedrali
1414 2903 1520 2944 dieta
1533 2915 1660 2944 onera
1681 2916 1765 2944 non
1791 2904 2086 2952 inveniantur;

1147 2966 1300 3022 Qaero
1341 2976 1391 3004 an
1404 2949 1535 3005 ‘idem
1567 2962 1851 3017 Cappellanus
1895 2975 2089 3007 teneatur

1151 3019 1374 3064 observare
1392 3023 1537 3064 eadem
1556 3036 1683 3064 onera
1701 3024 1742 3064 in
1763 3022 1883 3064 dietis
1899 3024 2089 3067 Tabellis

1153 3083 1436 3124 demandata?

1090 3141 1116 3177 6
1208 3142 1458 3198 Respondeo
1478 3142 1719 3186 affirmative
1736 3172 1750 3191 ,
1782 3143 1880 3201 quia
1892 3157 1983 3186 cum
2004 3159 2088 3187 non

1147 3203 1385 3244 inveniatur
1405 3202 1717 3244 instrumentum
1734 3201 1995 3246 fundationis
2012 3234 2025 3253 ,
2046 3210 2087 3248 &

1146 3263 1331 3303 Tabellae
1364 3261 1521 3303 fuerint
1555 3265 1761 3305 continuo
1808 3263 1860 3305 ab
1892 3266 2086 3307 omnibus

1146 3322 1417 3377 Cappellanis
1430 3336 1507 3377 pro
1524 3334 1716 3378 tempore
1733 3320 1985 3372 observatis,
2002 3338 2085 3367 non

1148 3381 1206 3423 est
1223 3382 1400 3436 proinde
1424 3380 1660 3437 permissum
1680 3383 1887 3426 moderno
1904 3384 2088 3439 Cappel-

1144 3442 1242 3484 lano
1270 3439 1310 3483 se
1341 3441 1364 3483 a
1382 3442 1587 3499 praedictis
1614 3443 1813 3486 oneribus
1840 3444 1882 3485 in
1898 3445 2085 3486 Tabellis

1981 3516 2086 3558 prae-
