2430 3776
240 165 340 226 De
357 165 878 252 Jurepatronatus
898 161 1017 224 Par

229 330 802 376 CASUSII.

10 419 22 432 ι’·
47 408 59 434 Ἰ

0 444 13 508 3⁴4
39 448 74 506 'J
158 452 355 495 Ecundus
371 449 504 496 Casus
521 451 579 493 est
592 468 604 497 ς
619 451 800 506 Qidam
816 449 1008 492 Canoni-

0 524 13 538 ·¹
36 532 57 537 >
178 526 277 560 cus,
298 513 365 554 cui
379 513 422 553 in
438 512 582 552 limine
597 510 855 553 fundationis
871 512 1013 554 Cano-

33 567 55 615 ’ἐξ
74 575 239 617 tricatus
273 572 434 625 adjecta
460 570 542 612 fuit
558 570 582 613 ὲ
598 571 837 612 Fundatore
863 570 933 611 lex
951 570 1015 609 in-

9 664 12 686 3
38 635 43 644 ’
71 629 294 684 ,ιειείΐεαάἰ
306 630 471 674 Divinis
488 628 712 678 Officiis,ac
734 629 923 671 lucrandi
951 630 1017 669 di-

4 682 344 737 ῨῘ’“1ὶιίδιιῑίοηεε
361 718 376 739 ,
393 702 520 746 prout
537 688 743 732 intersunt
758 717 771 738 ‚
787 702 834 730 ac
850 689 1017 731 lucran-

8 792 13 810 ὲ
30 766 69 804 ‘1⁴
90 763 143 794 *nt
154 750 230 793 alii
240 751 450 793 Canonici
468 767 480 796 ς
511 749 638 793 ἀοᾶο
654 749 707 791 de
722 749 1014 806 quadragena-

10 813 14 850 t
33 811 38 847 ζ
59 811 63 816 '
96 811 138 852 io
154 809 328 854 servitio
345 825 420 865 per
435 824 528 853 eum
541 810 720 866 praestito
734 808 922 853 Ecclefiae
933 809 1015 849 Ca-

74 870 259 913 thedrali
275 899 290 920 ,
330 869 578 926 supplicavit
623 884 700 925 pro
745 868 1012 920 jubilatione;

71 933 274 988 quaeritur
288 944 341 972 an
353 931 440 974 haec
451 929 497 971 fit
514 929 579 970 illi
593 929 871 972 concedenda
883 930 904 970 ἓ

131 988 533 1047 Praesupponendum
546 988 631 1035 est3
663 988 782 1046 quod
813 988 922 1031 licet·
942 988 1014 1028 in..-

73 1049 162 1104 jure
192 1051 416 1094 Canonico
448 1061 614 1090 cautum
654 1062 739 1091 non
768 1049 1013 1104 reperiatur,

70 1109 191 1166 quod
206 1110 450 1153 eanonicus
465 1135 479 1155 ,
506 1107 586 1150 five
601 1107 877 1150 Beneficiatus
894 1136 908 1155 ,
939 1107 1014 1163 qui

21 1167 264 1251 pliccleiiae
291 1166 508 1213 inservivit
547 1166 682 1226 spatio
713 1168 1015 1225 quadraginta..-

73 1241 275 1287 ..unorum
297 1227 378 1271 frui
393 1227 548 1270 debeat
565 1230 834 1282 exemptione
849 1228 872 1269 a
887 1224 1014 1268 servi-

47 1320 49 1322 .
95 1289 136 1330 io
151 1316 174 1338 ‚.
193 1292 234 1331 δε
266 1289 350 1331 hoc
374 1288 545 1329 minime
559 1288 747 1330 obstante
764 1316 778 1335 ,
806 1287 851 1329 fit
864 1286 1016 1328 admit-

32 1349 224 1391 tendas
254 1349 306 1389 ad
329 1348 693 1404 participationem
712 1344 914 1388 fluctuum
929 1373 943 1394 ,
974 1349 1015 1388 δε

38 1407 42 1454 ζ
55 1408 427 1455 distributionum,
440 1407 500 1449 uti
511 1408 616 1450 bene
628 1406 834 1463 ponderat
847 1410 1010 1447 Navar.

24 1430 54 1525 ἵζ’
68 1467 173 1520 cons.
195 1481 262 1508 12.
276 1467 344 1509 lib.
363 1480 402 1519 3.
416 1467 463 1508 de
478 1467 618 1508 Cleric.
633 1481 706 1507 non
721 1467 833 1524 restd.
853 1480 904 1508 ex
921 1479 1010 1522 quo

26 1527 35 1572 l
69 1523 472 1569 fortalseinfitmitas
486 1527 832 1575 Canonicorum,
862 1530 901 1569 &
930 1527 1010 1565 Be-

27 1574 37 1637 ἶ
69 1585 356 1635 aeficiatorum
373 1615 388 1636 ,
403 1598 473 1629 aut
487 1589 626 1643 gravis
650 1587 894 1629 eorumdem
911 1597 1010 1627 :etas

29 1654 31 1658 ’
54 1646 304 1689 temedium
340 1647 498 1689 habent
514 1647 801 1699 Coadjutoriae
817 1675 830 1695 ,
855 1657 924 1687 aut
941 1645 1010 1687 In-

32 1729 47 1763 g
68 1707 179 1749 dulti
190 1707 366 1750 vacandi
383 1707 408 1750 a
427 1707 576 1750 Choto
593 1735 608 1755 ,
634 1706 811 1748 durante
839 1703 1010 1748 infirmi-

65 1777 183 1814 tate,
207 1766 568 1824 quemadmodum
594 1763 861 1824 prosequitur
888 1765 1009 1807 Card-

31 1847 49 1878 μ
74 1842 114 1868 «ἐ
129 1830 221 1867 Luc.
245 1828 403 1869 decan.
429 1826 520 1878 disc.
541 1839 607 1877 15.
634 1840 739 1868 num.
758 1830 799 1867 6.
831 1825 881 1869 &¹
892 1826 1010 1880 seqq.

32 1882 57 1942 ξ-
128 1885 176 1926 ln
193 1887 524 1928 cathedralibus
542 1886 812 1928 nihilominus
825 1914 838 1933 ,
852 1890 892 1928 &
907 1885 1012 1926 Col-

37 1962 62 1996 j
83 1999 85 2002 Α
110 1946 237 2000 giatis
258 1945 476 1994 Ecclefiis,
511 1948 552 1987 in
583 1946 734 2002 quibus
749 1943 897 1987 adsunt
930 1945 1010 1985 sta-

38 2010 157 2056 'Jssuta
171 2032 185 2053 ,
214 2008 478 2047 vacationem
495 2007 518 2047 a
534 2008 684 2050 Choro
701 2034 716 2054 ,
740 2019 830 2063 quae
858 2004 1011 2057 jubila-

90 2064 337 2113 iudicitur,
363 2065 644 2107 concedentia
678 2066 938 2112 Canonicis,
969 2067 1010 2106 &

39 2122 91 2179 J‘J'1‘2
103 2123 335 2167 eneficiatis
353 2125 442 2181 post
456 2123 667 2166 servitium
691 2138 894 2166 annorum
910 2137 1012 2180 qua-

37 2187 89 2241 J·
103 2186 266 2239 taginta
280 2212 294 2233 ‚
311 2185 391 2238 jam
404 2182 630 2227 resolutum
645 2185 701 2227 est
718 2186 741 2227 a
757 2184 796 2225 S.
817 2185 1011 2239 Congre-

83 2263 92 2292 ;
103 2245 246 2286 atione
261 2245 448 2287 Concilii
461 2272 476 2292 ,
492 2246 640 2287 eadem
654 2258 738 2287 non
754 2241 832 2287 else
852 2245 1010 2298 impro-

101 2303 206 2345 anda
225 2332 240 2352 ,
266 2301 335 2346 sed
363 2305 612 2352 toleranda,
641 2319 733 2361 quae
761 2302 966 2346 resolutio
986 2303 1009 2345 a

71 2382 86 2408 ·,
102 2376 242 2406 ummo
264 2362 468 2406 Pontifice
483 2363 699 2420 Gregorio
715 2364 827 2405 XIII.
856 2362 1011 2405 confir-

44 2442 47 2443 ⁷
86 2449 88 2454 ·
114 2425 299 2466 ationem
338 2425 524 2466 obtinuit
555 2425 669 2475 juxta
700 2424 824 2479 plene
855 2424 1012 2466 relata,

71 2486 113 2535 ’,ι
126 2486 180 2526 ud
197 2490 325 2527 Garz-
337 2483 384 2525 de
397 2483 523 2538 benef.
534 2496 627 2539 par.
633 2497 672 2535 3.
687 2495 813 2538 παρα.
831 2488 868 2530 §.
891 2496 927 2523 1.
943 2497 1013 2524 nu-

102 2556 164 2599 ·er.
183 2556 280 2596 344.
416 2583 425 2595 .-

52 2643 57 2647 .
78 2606 94 2630 ·”
112 2603 182 2645 *Et
200 2602 320 2660 quod
341 2605 567 2647 notabilius
581 2604 637 2647 est
653 2633 667 2653 ‚
693 2603 818 2645 etiam
849 2602 875 2644 fi
899 2617 1013 2646 nom

45 2670 51 2683 ¹
110 2659 204 2705 fint
216 2663 393 2713 statuta,
420 2666 557 2720 praxis
573 2665 756 2707 inolevit
776 2691 791 2711 ,
815 2676 860 2704 ut
885 2665 936 2706 ab
948 2676 1015 2704 ea-

130 2723 590 2780 mS-Congregatione
617 2724 780 2765 indulta
800 2723 1015 2773 jubilatio-

92 2781 140 2826 ’ἧς
158 2783 448 2826 concedantur
465 2784 695 2828 Canonicis
711 2812 724 2831 ,
740 2788 777 2826 δι
793 2781 1018 2825 Beneficia-

147 2870 162 2891 ,
179 2843 256 2900 q'ui
269 2841 405 2899 spatio
421 2845 700 2904 quadraginta
714 2857 916 2885 annorum
937 2839 1017 2884 suis

63 2903 65 2906 ⁴
105 2915 108 2918 ’
135 2902 270 2945 cleiiis
295 2900 570 2947 inservierunt
587 2933 601 2954 ,
627 2905 680 2946 ne
704 2903 884 2946 coelestis
901 2903 1015 2943 Mili-

169 2962 336 3005 Milites
369 2964 595 3007 deterioris
634 2963 708 3005 fint
736 2963 1016 3010 conditionis,

111 3034 204 3065 uam
222 3022 384 3064 Milites
412 3023 574 3066 Militiae
599 3021 802 3066 saecularis
821 3052 833 3070 ,
862 3023 1015 3080 quibus

63 3127 65 3130 Α
101 3080 206 3135 jure
221 3082 352 3125 Civili
367 3086 536 3127 vacatio
551 3085 574 3126 a
591 3084 831 3126 muneribus
851 3110 864 3130 ,
893 3083 1014 3123 dum-

76 3141 208 3194 modo
233 3144 422 3184 veterani
453 3141 609 3191 essent,
652 3142 884 3184 liberaliter
912 3154 1015 3184 con-

49 3212 62 3237 «’
91 3197 180 3244 effa
191 3200 274 3250 est,
301 3202 417 3254 juxta
441 3201 565 3245 Text.
588 3203 669 3244 inl.
692 3201 718 3242 d
733 3202 954 3243 muneribus
971 3205 1012 3241 6.

67 3265 72 3282 '-
106 3260 335 3303 sevam.
349 3262 398 3306 ὼ
414 3264 590 3316 excusat.
606 3275 809 3304 munerum
823 3290 836 3310 ,
863 3262 910 3304 ὠ
929 3261 1010 3304 ἐπ..)

69 3335 75 3350 2
126 3330 161 3359 1.
174 3320 259 3362 cod.
276 3321 322 3363 de
336 3324 542 3364 veteranis
555 3322 622 3364 lib.
648 3335 664 3362 ι
676 3334 714 3361 2.
731 3325 770 3364 &
785 3323 930 3364 notavi
946 3319 1011 3363 su-

111 3378 214 3442 u'tius
233 3384 324 3421 Par.
341 3385 392 3423 Il.
406 3384 675 3426 Can.XXVII.
689 3382 775 3433 Caſs
789 3385 858 3425 XI.
872 3395 962 3437 nu.a
973 3395 1012 3433 7.

98 3499 99 3503 Ἰ
138 3441 278 3496 praxis
295 3455 524 3486 memorata
536 3457 620 3486 non
635 3439 826 3485 absolute·
843 3469 856 3491 ,
871 3445 908 3485 &
928 3442 1014 3485 {im-

65 3509 107 3531 ψ,
138 3511 143 3515 ,

1021 207 1034 222 .
1059 165 1136 229 V.
1165 163 1328 224 Can.
1351 160 1487 225 V11.
1508 159 1658 224 Cas
1678 163 1751 225 11.

1949 185 2067 246 135

1127 271 1297 328 pliciter
1314 269 1387 312 fibi
1406 270 1592 313 vindieat
1604 271 1744 314 locum
1761 300 1776 320 ,
1790 270 1860 314 sed
1878 274 1920 327 in
1938 273 2079 330 hypo-

1128 330 1258 379 thefi,
1293 332 1336 372 in
1355 343 1436 386 qua
1466 330 1590 387 plene
1609 331 1811 374 doceatur
1836 333 1889 374 de
1903 330 2077 378 servitio

1129 391 1307 449 praestito
1322 388 1456 446 spatio
1476 403 1679 432 annorum
1695 392 1973 447 quadraginta
1988 422 2002 442 ,
2033 399 2075 437 &

1132 452 1304 508 quidem
1321 464 1415 492 cum
1432 450 1637 507 qualitate
1656 450 1853 498 continui,
1878 456 1916 495 ὃς
1940 453 2080 494 lauda..

1134 512 1223 552 bilis
1238 539 1253 558 ,
1276 511 1337 551 uti
1355 523 1439 558 non
1457 507 1588 551 solum
1599 509 1817 564 colligitur
1834 525 1884 552 ex
1895 510 2080 556 formula

1138 571 1313 618 indulti,
1327 568 1398 611 sed
1414 570 1538 611 etiam
1555 565 1784 611 desumitur
1799 583 1851 611 ex
1866 568 2077 626 rescriptiS

1138 630 1321 682 ejusdem
1349 629 1393 670 S.
1427 629 1812 686 Congregationis,
1852 631 1896 671 in
1926 631 2081 687 quibus

1138 692 1206 733 vel
1225 691 1432 747 denegata
1447 687 1528 731 fuit
1542 688 1737 742 jubilatio
1753 717 1766 737 ,
1791 702 1877 731 non
1891 690 2082 733 obstante

1135 752 1307 796 servitio
1336 762 1540 792 annorum
1566 748 1847 805 quadraginta
1860 777 1875 797 ,
1907 762 1959 791 ex
1990 764 2079 807 quo

1134 809 1264 868 ipsum
1283 824 1368 852 non
1381 808 1517 851 fuerat
1534 809 1781 850 continuum
1797 812 1836 852 &
1849 809 2079 858 laudabile,

1134 869 1489 931 quemadmodum
1521 869 1734 926 contingit
1758 869 1799 909 in
1812 872 1990 910 Romana
2004 871 2081 920 ju-

1133 931 1333 975 bilationis
1348 934 1390 971 6.
1409 928 1568 984 Augusti
1589 941 1663 978 171
1676 943 1714 968 2.
1742 928 1811 970 lib.
1829 934 1854 968 6
1862 933 2078 972 2.Decret.

1133 993 1254 1035 relat.
1270 990 1341 1031 ubi
1363 987 1481 1043 supra
1494 987 1605 1029 dicto
1623 988 1710 1040 Cas.
1728 991 1799 1029 XI.
1815 995 1998 1030 num.26.
2010 991 2081 1032 vel

1134 1051 1333 1105 jubilatio
1349 1048 1539 1105 quamvis
1555 1045 1760 1095 concessa,
1775 1047 1854 1090 fuit
1870 1063 2082 1099 revocata,

1136 1112 1237 1169 quia
1256 1106 1460 1151 ostensum
1476 1106 1555 1147 fuit
1573 1135 1586 1154 ,
1614 1105 1825 1149 servitium
1843 1122 2080 1151 annorum)

1137 1168 1416 1229 quadraginta
1461 1180 1544 1208 non
1575 1164 1690 1207 fuiffe
1717 1169 1965 1209 continuum
1989 1197 2002 1217 ,
2038 1174 2078 1211 &

1134 1228 1349 1274 laudabile
1366 1255 1380 1274 ,
1404 1226 1466 1267 uti
1496 1228 1653 1281 pariter
1681 1228 1894 1282 contingit
1920 1228 1960 1268 in
1983 1232 2082 1268 Ma-

1135 1299 1308 1333 ceraten.
1319 1285 1571 1339 jubilationis
1591 1285 1782 1338 propostta
1801 1287 1862 1327 die
1882 1300 1901 1324 2
1914 1301 1951 1326 2.
1973 1289 2081 1329 Febr.

1143 1351 1270 1399 1698.
1294 1347 1344 1390 (φ
1374 1345 1542 1398 resoluta
1569 1345 1633 1386 die
1650 1346 1692 1385 8.
1707 1345 1859 1386 Martii
1873 1345 2079 1399 eiusdem-2

1137 1409 1233 1453 anni
1253 1407 1318 1449 lib.
1335 1408 1407 1458 48.
1424 1411 1583 1447 Decret.

1191 1470 1292 1511 Haec
1310 1495 1324 1515 ,
1336 1479 1428 1524 quae
1444 1463 1662 1523 hucusque
1682 1466 1858 1507 dedum
1875 1464 1980 1515 sunt,
1994 1467 2084 1509 nul-

1131 1530 1214 1571 lam
1236 1528 1459 1570 admittere
1489 1521 1600 1582 poffe
1618 1525 2083 1574 videntur-controver-

1130 1589 1227 1631 fiam
1248 1616 1260 1627 .
1287 1584 1522 1628 Difficultas
1540 1597 1680 1627 autem
1699 1598 1791 1628 tota
1807 1588 1851 1628 in
1864 1588 1940 1628 hac
1954 1599 2084 1628 mate-

1131 1651 1191 1691 ria
1207 1647 1426 1690 reducitur
1469 1645 1521 1688 ad
1534 1657 1716 1702 quatuor
1732 1647 1885 1702 capita;
1904 1647 2083 1688 Primum

1131 1707 1393 1751 difficultatis
1413 1718 1538 1762 caput
1556 1702 1724 1761 respicit
1739 1718 1904 1761 tempus
1928 1721 2003 1762 pro
2019 1707 2085 1758 ju-

1130 1769 1337 1811 bilatione
1362 1762 1629 1807 neceffarium
1646 1781 1658 1811 ς
1687 1766 1924 1808 Secundum
1956 1769 2085 1823 perti-

1132 1841 1203 1870 net
1221 1827 1273 1869 ad
1287 1826 1539 1883 qualitatem
1557 1822 1716 1868 servitii
1735 1826 1788 1867 ad
1806 1827 2004 1868 eumdem
2021 1825 2084 1868 ef·

1131 1888 1283 1931 sedtum
1297 1885 1510 1942 requifiti;
1537 1885 1731 1927 Tertium
1756 1883 1911 1941 spectat
1936 1886 1989 1928 ad
2007 1887 2084 1928 Ec-

1132 1947 1261 1990 clefiae
1280 1946 1528 2003 qualitatem
1543 1974 1556 1994 ,
1573 1946 1614 1985 in
1629 1958 1714 2001 qua
1732 1946 1993 1995 Canonicu5‚
2012 1947 2083 1988 vel

1132 2005 1414 2052 Beneficiatus
1437 2003 1656 2046 inservivit
1672 2021 1683 2050 ;
1700 2006 1752 2046 Et
1773 2019 1968 2062 quartum
1990 2019 2084 2049 tan-

1132 2069 1229 2110 dem
1246 2064 1428 2108 refertur
1442 2064 1494 2106 ad
1509 2066 1820 2119 exemptionem
1834 2078 2085 2122 competen-

1133 2140 1219 2169 tem
1242 2125 1438 2185 Jubilato
1455 2153 1470 2174 ,
1495 2124 1586 2182 post
1613 2124 1913 2175 jubilationem
1943 2126 2086 2168 indul·-

1135 2200 1219 2229 tam
1234 2215 1246 2226 .
1630 2191 1632 2194 ’

1192 2248 1231 2288 Α
1262 2247 1397 2302 primo
1428 2245 1582 2301 Capite
1606 2245 1773 2286 initium
1805 2243 2083 2294 desumendo,

1130 2307 1280 2349 instant
1307 2306 1502 2348 nonnulli
1530 2305 1876 2361 projubilatione
1896 2334 1910 2353 ,
1937 2310 1978 2353 ὃς
2008 2307 2084 2348 de:

1130 2367 1465 2424 quadragenario
1497 2365 1656 2407 docent
1688 2363 1860 2408 servitio
1876 2393 1889 2413 ,
1936 2362 2007 2407 sed
2041 2366 2083 2407 in

1132 2426 1451 2482 computatione
1497 2425 1701 2480 temporis
1735 2425 2079 2482 quadragenarii,

1132 2486 1397 2530 contendunt
1413 2485 1647 2527 habendam
1666 2483 1744 2526 eise
1758 2486 1962 2527 rationem
1976 2496 2087 2526 tem-

1133 2549 1246 2604 poris
1263 2574 1278 2594 ,
1293 2560 1382 2603 quo
1399 2543 1622 2587 abfuerunt
1637 2545 1661 2586 a
1678 2542 1850 2588 servitio
1869 2543 2081 2592 Ecclefiae,

1135 2607 1322 2649 obtentis
1347 2602 1540 2647 absentiae
1556 2604 1731 2646 indultis
1747 2633 1762 2652 ,
1790 2604 1861 2645 vel
1895 2601 2081 2646 excausa

1136 2665 1394 2708 infirmitatis
1409 2693 1426 2713 ,
1438 2664 1574 2706 velex
1590 2661 1707 2706 causa
1724 2664 1949 2706 studiorum
1967 2691 1979 2711 ,
2009 2663 2081 2706 vel

1137 2739 1184 2768 ut
1199 2724 1387 2767 Ecclefiae
1407 2722 1483 2765 suae
1502 2724 1686 2778 negotiis
1705 2736 1918 2770 vacarent,
1934 2723 2003 2764 vel
2018 2736 2085 2764 ta-

1139 2788 1258 2828 tione
1270 2797 1485 2826 muncrum
1501 2811 1515 2830 ,
1550 2782 1611 2823 uti
1629 2780 1730 2839 (πρὸ
1749 2783 1903 2824 accidit
1921 2783 1962 2823 in
1976 2781 2084 2824 Rafi-

1138 2847 1231 2887 licis
1246 2846 1374 2886 Urbis
1389 2872 1401 2892 ,
1434 2845 1475 2884 in
1493 2843 1648 2899 quibus
1676 2843 1870 2884 nonnulli
1888 2843 2084 2884 Canoni-

1139 2907 1177 2947 ci
1190 2934 1204 2953 ,
1231 2909 1271 2947 &
1287 2902 1530 2947 Beneficiati
1545 2929 1559 2950 ,
1575 2914 1749 2958 propter
1763 2915 1932 2943 munera
1949 2901 2042 2957 ipfis
2057 2901 2083 2944 a

1137 2966 1308 3007 Summo
1326 2961 1531 3006 Pontifice
1545 2962 1699 3004 collata
1713 2989 1726 3010 ,
1759 2974 1829 3003 aut
1845 2961 2086 3004 indultum:

1137 3026 1296 3067 habent
1326 3019 1730 3064 vacandiaservitio
1746 3022 1881 3066 Choti
1903 3034 1975 3075 pro
1999 3022 2085 3062 die-

1137 3085 1271 3126 diebus
1282 3113 1296 3132 ,
1324 3083 1373 3127 &⁹
1388 3083 1492 3124 horis
1513 3110 1527 3130 ,
1542 3095 1611 3135 pro
1624 3081 1921 3137 quibusfuerint
1935 3082 1977 3121 in
1991 3081 2083 3122 aliis

1133 3145 1327 3202 commiffis
1343 3142 1565 3183 muneribus
1579 3142 1763 3195 occupati,
1783 3142 1851 3184 vel
1871 3142 2082 3184 indultum

1134 3206 1288 3247 habent
1307 3201 1496 3245 absolute
1514 3228 1527 3248 ,
1560 3205 1599 3243 &
1630 3200 1872 3257 {impliciter
1904 3202 2082 3244 vacandi

1133 3265 1157 3307 a
1178 3265 1311 3306 choro
1330 3292 1344 3311 ,
1377 3261 1519 3319 quoad
1538 3259 1664 3318 usque
1680 3274 1827 3303 munus
1846 3261 2078 3308 duraverit,

1133 3324 1251 3380 quod
1269 3322 1514 3379 potiffimum
1530 3321 1685 3363 accidit
1701 3323 1743 3363 in
1759 3322 1824 3363 his
1839 3349 1852 3369 ,
1885 3321 1959 3378 qui
1978 3334 2083 3377 prae-

1135 3383 1310 3426 feaeras
1327 3411 1341 3433 ,
1386 3386 1426 3425 &
1459 3380 1594 3425 officia
1623 3381 1819 3424 obtinent
1850 3393 1966 3425 extra
2000 3382 2084 3421 Ur-

1133 3444 1228 3486 bem
1252 3472 1264 3485 .

1979 3505 2003 3539 6
2038 3499 2084 3538 In
