2392 3730
285 306 333 342 11.
381 304 528 340 Clericus
541 303 579 338 ab
591 303 682 338 initio
692 303 786 339 bonae
803 305 878 340 fidei
890 305 1043 339 Possessor
1059 304 1226 342 Beneficii,
1236 313 1279 336 ex

332 353 405 398 post
417 352 496 386 vero
509 350 596 386 faffio
608 351 698 386 malae
706 351 779 386 fidei
795 353 949 387 possessor
962 377 973 393 ‚
1000 364 1037 387 an
1052 375 1062 392 ,
1084 354 1118 388 &
1139 362 1198 397 pro
1215 360 1282 395 quo

332 409 478 444 tempore
488 407 633 434 teneatur
645 397 764 434 fruetus
778 400 931 435 Beneficii
942 399 1113 435 reffltuere
1124 421 1135 429 .
1159 409 1236 443 149.
1249 409 1281 442 3·

283 448 332 482 11.
381 447 526 482 Clericus
537 447 658 492 semper
670 447 757 481 rnalae
772 446 847 483 fidei
858 447 1012 482 Possessor
1025 446 1179 493 Beneficii
1194 453 1284 478 tene-

332 502 383 529 tur
395 494 556 529 restituere
568 505 678 528 omnes
692 493 813 528 fructus
824 519 834 528 .
854 506 933 540 149.
948 497 984 538 4.

284 541 333 580 11.
382 542 526 577 Clericus
542 564 552 579 ,
580 543 635 586 qui
647 542 772 576 nulliter
785 542 905 586 recepit
916 541 934 575 a
947 541 1088 576 Patrono
1098 538 1284 574 Canonica-

331 597 398 624 tum
413 613 423 630 ,
438 601 474 623 an
489 597 632 623 teneatur
644 587 808 623 restituere
818 587 1055 623 distributiones
1069 586 1281 633 quotidianas.

283 635 636 732 Ihmglgiiffissegtus
649 685 679 717 in
695 682 832 717 secundo
845 682 1055 718 Matrimonio
1068 679 1235 734 contrac'to
1244 680 1282 713 ab

330 731 487 767 haereticis
501 733 530 766 in
543 732 618 765 loco
641 731 695 765 ubi
710 731 903 775 publicatum
918 741 981 765 non
994 729 1053 764 fuit
1064 728 1283 763 Concilium

331 776 554 814 Tridentinum
565 801 576 817 ,
597 790 662 813 non
687 777 809 812 servata
821 778 912 818 hujus
924 777 1026 812 forma
1036 798 1046 816 ,
1057 775 1101 810 est
1111 776 1283 820 legitimus,

332 827 368 862 δε
381 825 557 872 praesentari
566 849 576 865 ,
589 836 624 858 ac
637 824 752 859 institui
763 826 849 859 valet
857 826 887 859 in
897 824 1155 859 Cathedralibus.
1171 825 1281 866 156.7.

285 870 334 908 11.
384 873 532 907 Clericus
553 871 802 917 consanguineus
813 871 1000 912 Fundatoris
1025 873 1057 906 in
1069 871 1201 916 paritate
1221 879 1285 902 vo-

331 931 403 956 cum
415 931 486 954 cuni
499 919 672 954 Sacerdote
691 919 823 954 omnino
833 927 989 954 extraneo
1011 919 1043 952 in
1058 917 1283 952 assecutione.)

331 967 487 1002 Beneficii
507 978 570 1001 non
598 965 672 1001 adstu
682 966 895 1001 Sacerdotalis
921 966 966 1000 est
979 964 1223 1012 gratificandus,
1248 963 1284 998 &

331 1014 546 1059 praeferendus
556 1013 660 1048 eidem
672 1022 839 1049 extraneo.
856 1015 931 1049 182.
949 1025 979 1058 5.
992 1013 1119 1058 Amplia
1130 1020 1164 1047 ut
1172 1012 1215 1047 ibi
1227 1035 1237 1046 .
1250 1014 1283 1045 6.

333 1061 372 1096 Et
397 1072 494 1106 quare
505 1062 517 1095 ?
528 1061 610 1096 Vide
622 1062 665 1096 ibi
676 1085 685 1095 .
698 1074 730 1106 7.
744 1062 778 1096 &
791 1073 863 1107 pag.
879 1062 955 1106 185.
976 1071 1028 1107 17.

273 1106 333 1143 '11.
379 1108 526 1143 Clericus
555 1107 803 1153 consanguineus
815 1108 1000 1143 Fuiidatoris
1021 1109 1053 1143 in
1065 1108 1197 1153 paritate
1217 1118 1284 1154 vo-

331 1167 404 1191 cuin
411 1167 482 1190 cum
496 1164 653 1191 extraneo
664 1179 675 1196 ‚
688 1155 740 1190 sed
755 1156 900 1193 Patrono
912 1179 923 1196 ‚
935 1155 979 1190 est
993 1155 1203 1201 praeferendus
1216 1177 1228 1194 ‚
1248 1155 1283 1188 ὅ(

331 1203 554 1250 gratificandus
566 1227 576 1237 .
598 1204 673 1249 183.
684 1216 720 1246 9.

283 1250 333 1285 11.
381 1250 417 1285 In
430 1251 656 1286 consecutione
669 1252 883 1296 Cappellaniae
905 1250 991 1286 mere
1001 1251 1118 1286 laicalis
1141 1262 1196 1296 per
1209 1248 1284 1282 Ma-

331 1299 429 1333 ritum
446 1322 456 1338 ‚
476 1299 509 1333 &
521 1298 666 1332 Uxorem
678 1299 840 1343 aequaliter
851 1311 909 1344 pro
921 1310 1033 1333 eorum
1046 1297 1284 1344 consanguineis

328 1345 487 1385 fundatae,
509 1345 756 1391 consanguineus
773 1346 888 1381 Uxoris
907 1345 1052 1380 Clericus
1065 1348 1189 1379 caeteris
1204 1343 1285 1388 pari-

330 1393 390 1427 bus
410 1392 454 1426 est
478 1391 701 1437 gratificandus
716 1394 735 1431 ‚'
751 1394 785 1427 &
811 1393 1020 1437 praeferendus
1045 1392 1282 1437 consanguineo

331 1439 430 1473 Laico
448 1438 582 1473 Mariti.
601 1448 740 1480 192.22.
756 1438 794 1473 Et
807 1451 904 1484 quare
919 1441 931 1473 ?
946 1439 1027 1474 Vide
1046 1451 1119 1484 193-
1136 1450 1190 1483 25.

284 1488 333 1522 11.
383 1486 530 1520 Clericus
544 1485 588 1519 est
600 1485 739 1531 dignior,
753 1487 786 1521 ἅ
800 1489 901 1527 major
916 1487 1077 1532 quibusvis
1088 1487 1200 1522 Laicis.
1212 1496 1286 1530 192.

282 1546 524 1628 1L23Qando
547 1581 651 1616 sermo
680 1579 724 1615 cst
750 1580 789 1615 de
809 1565 944 1616 Clericis
958 1605 969 1621 ‚
992 1583 1026 1616 &
1047 1582 1148 1616 Laicis
1166 1580 1287 1616 Clerici

335 1629 456 1673 semper
468 1640 510 1662 ex
523 1627 606 1673 stylo
617 1629 725 1662 Curiae
740 1629 1056 1672 praeferunturLaicis
1067 1653 1077 1663 .
1094 1641 1168 1674 192.
1183 1638 1239 1674 24.

283 1676 333 1712 11.
381 1676 528 1711 Clericus
553 1676 741 1709 contrahens
750 1676 993 1711 Matrimonium
1018 1688 1083 1711 non
1095 1678 1210 1711 dicitur
1222 1686 1288 1709 azn-

332 1724 414 1768 plius
437 1732 536 1757 Vitam
558 1722 752 1768 Religiosam
765 1745 776 1762 ‚
794 1724 829 1758 &
853 1723 1097 1759 Ecciefiafflcam
1122 1724 1286 1758 ducere).

286 1783 351 1854 11.3
384 1818 557 1858 Clericus,
585 1817 651 1851 sive
668 1817 883 1862 cappellanus
905 1818 1093 1854 contrahens
1117 1817 1288 1856 Matrimo-

332 1866 419 1899 nium
451 1866 591 1910 privari,
614 1866 649 1900 &
666 1866 825 1898 removeri
838 1865 934 1901 debet
949 1866 965 1900 ὲ
979 1866 1186 1911 Cappellania
1199 1863 1287 1899 mere

341 1912 457 1946 Laicali
470 1935 480 1951 ‚
503 1911 556 1945 seu
570 1911 692 1962 Ifegato
704 1913 772 1956 pio,
782 1911 806 1945 si
821 1913 884 1947 hoc
896 1925 936 1948 ex
947 1913 1150 1958 dispositione
1166 1913 1289 1947 Funda-

332 1962 411 1994 toris
423 1959 576 1994 debeatur
589 1959 688 1992 solum
700 1958 836 1994 Clericis
854 1963 950 1995 vitam
963 1960 1170 2006 Religiosain‚
1183 1962 1216 1996 &
1230 1959 1288 1993 Ec-

333 2005 534 2041 clefiassicam
552 2007 738 2042 ducentibus
750 2030 760 2040 .
780 2011 859 2053 366.
879 2020 908 2053 5.
920 2010 952 2043 &
963 2020 995 2054 7.

294 2053 343 2087 11.
393 2053 598 2089 Clericoruin
610 2053 692 2088 ordo
703 2077 714 2094 ‚
737 2055 772 2090 &
790 2055 961 2091 institutum
976 2079 987 2097 ,
1013 2056 1046 2092 iri
1056 2067 1122 2102 quo
1134 2053 1287 2090 consistat.

285 2113 357 2184 ΙΙ.4
380 2112 527 2183 gig-icus
539 2159 594 2194 per
605 2148 830 2185 assecutionem
853 2149 939 2185 feudi
954 2149 1156 2197 Ecclefiastici
1177 2160 1286 2184 non-5

334 2196 468 2232 efficitur
478 2196 567 2231 miles
579 2195 681 2232 saeculi
693 2220 703 2238 ,
722 2196 775 2231 sed
789 2198 882 2232 durat
901 2198 990 2233 miles
1003 2197 1148 2232 Ecclefiae
1162 2221 1172 2231 .
1202 2208 1285 2243 494.

290 2291 337 2326 11.
387 2290 534 2324 Clericus
548 2291 579 2324 in
591 2290 828 2336 quampluribus
836 2291 956 2328 casibus
976 2292 1154 2338 permissum
1167 2291 1213 2326 est
1223 2292 1288 2327 Ar-

338 2347 389 2371 ma
400 2337 548 2371 assumere
560 2361 570 2371 .
581 2341 663 2383 496.
679 2349 733 2383 53.
753 2339 786 2373 δι
801 2339 882 2384 485.
900 2350 952 2373 10.

289 2387 339 2421 11.
385 2383 532 2418 Clericus
559 2396 615 2430 per
637 2385 875 2429 assumptionem
895 2386 983 2421 feudi
1000 2386 1152 2421 saecularis
1171 2385 1287 2422 amittit

336 2430 532 2466 Clericatum
543 2455 555 2472 ‚
583 2430 776 2467 Beneficium
790 2456 801 2472 ‚
822 2442 876 2468 aut
891 2433 1079 2468 Penfionem
1093 2458 1104 2474 ,
1126 2433 1213 2468 secus
1228 2446 1284 2479 per

337 2478 558 2513 assecutionem
568 2478 655 2512 feudi
668 2478 872 2514 Ecclesiastici
886 2504 896 2514 .
908 2483 989 2527 485.
1005 2494 1039 2527 7.
1052 2483 1086 2517 ὃ(
1096 2481 1159 2527 seq.

291 2526 336 2560 11.
385 2525 531 2560 Clericus
556 2525 596 2559 ad
617 2525 717 2560 saeculi
741 2528 888 2562 militaria
900 2528 1052 2574 stipendia
1062 2529 1214 2563 accedens
1226 2529 1288 2563 Ec-

337 2571 510 2607 clefiasticis
523 2574 733 2617 proventibus
745 2574 813 2619 ipso
826 2576 897 2615 jure
905 2599 916 2616 ,
928 2577 963 2611 &
974 2575 1089 2621 absque
1100 2577 1163 2611 ulla
1172 2588 1288 2622 praece-

339 2619 428 2653 denti
442 2621 617 2655 monitione
630 2622 770 2666 privatus
781 2632 921 2657 remanet
932 2646 942 2656 .
951 2624 1033 2669 487.
1050 2635 1062 2657 ι
1067 2637 1102 2667 9.

292 2666 340 2701 11.
389 2666 533 2702 Potestas
543 2669 729 2714 temporalis
739 2670 769 2703 in
782 2669 914 2705 Summo
925 2670 1084 2706 Pontifice
1099 2671 1171 2705 cum
1185 2670 1222 2706 sit
1232 2681 1286 2705 ac—

339 2712 467 2748 cefforie
481 2717 565 2751 unita
576 2715 731 2751 Potestati
743 2716 973 2757 Ecclesiasticae,
981 2718 1128 2753 Clericus
1143 2729 1199 2763 per
1211 2718 1287 2752 asse-

341 2762 500 2796 cutionem
513 2762 598 2798 feudi
607 2762 827 2806 Ecclefiastici,
832 2775 898 2802 non
909 2764 1020 2801 definit
1028 2767 1088 2800 esse
1094 2767 1184 2802 miles
1191 2765 1288 2800 Chri-

342 2808 379 2841 sti
391 2832 402 2848 ‚
415 2811 449 2845 δε
464 2809 607 2845 Ecciefiae
617 2835 627 2845 .
641 2813 722 2856 496.
735 2822 752 2854 5
761 2822 789 2845 1.

294 2857 340 2890 11.
387 2856 535 2892 Clericus
547 2857 614 2892 five
627 2858 776 2892 inserviat
787 2859 920 2894 Summo
932 2859 1092 2903 Pontifici,
1105 2870 1142 2896 ut
1153 2861 1287 2906 Principi

341 2903 493 2948 spirituali
504 2927 514 2944 ‚
538 2907 574 2941 &
584 2904 711 2940 Vicario
719 2905 836 2941 Christi
850 2931 860 2948 ,
881 2907 948 2941 five
961 2917 997 2942 ut
1010 2910 1147 2953 Principi
1159 2917 1287 2954 tempo-

340 2951 400 2985 rali
412 2962 582 2997 numquam
593 2953 725 2988 efficitur
736 2955 825 2989 miles
835 2955 1003 2995 saecularis,
1027 2955 1080 2990 sed
1103 2957 1222 3000 semper
1237 2967 1288 2989 re-

341 3007 448 3032 manet
472 3000 563 3035 miles
571 2999 733 3040 Ecclesiae,
755 3002 790 3036 &
807 3002 919 3036 militia
940 3001 1055 3036 dicitur
1066 3002 1286 3038 Ecclessastica.

295 3091 342 3124 11.
390 3092 535 3143 Clericus
549 3094 786 3131 concubinarius
797 3096 892 3141 etiam
905 3096 1048 3142 publicus
1058 3120 1069 3136 ,
1092 3097 1127 3131 &
1143 3097 1288 3132 inebriari

342 3136 453 3171 sOhtUS
468 3163 478 3177 ‚
502 3143 537 3176 &
563 3141 723 3178 homicida
746 3155 809 3178 non
819 3145 935 3179 amittit
945 3143 1013 3189 ipso
1025 3146 1094 3185 iure
1103 3143 1287 3185 Pensiones,

344 3184 377 3218 &
389 3185 547 3221 Beneficia
558 3212 568 3222 .
580 3200 659 3234 497.
679 3201 733 3236 17.

296 3229 338 3263 V.
386 3233 504 3282 Clerici
526 3235 557 3268 in
583 3236 758 3272 Seminario
776 3238 893 3274 admissi
915 3238 1084 3273 examinari
1109 3237 1225 3275 debent
1246 3238 1285 3272 ab

345 3275 501 3330 Episcopo
515 3303 525 3313 .
543 3291 555 3313 1
566 3283 617 3315 18.
634 3296 665 3317 2.
678 3284 821 3330 Amplia,
834 3294 869 3321 ut
881 3285 925 3320 ibi
939 3308 950 3319 .

296 3322 336 3358 V.
385 3324 499 3360 erecta
515 3327 722 3373 Cappellania
734 3343 792 3375 pro
804 3333 1002 3377 Presbytero
1013 3357 1023 3373 ‚
1036 3334 1089 3378 qui
1100 3333 1222 3369 Missam
1232 3343 1286 3366 ce-

343 3371 465 3426 lebrare
477 3373 594 3409 debeat
606 3399 617 3416 ‚
629 3387 665 3409 ac
679 3385 823 3414 teneatur
833 3403 843 3419 ‚
855 3380 894 3415 ad
906 3391 974 3415 eam
983 3380 1178 3426 praesentari,
1190 3392 1226 3416 ac
1237 3382 1285 3414 in-

271 3445 275 3450 .
343 3418 427 3453 stitiii
439 3421 542 3465 potest
554 3422 711 3464 Clericus,
724 3427 779 3470 qui
794 3439 856 3460 non
867 3426 904 3460 sit
916 3425 991 3462 astu
1001 3427 1186 3463 Sacerdos.1
1193 3439 1247 3473 39.
1252 3439 1283 3473 3.

294 3467 324 3503 1.
373 3466 490 3502 Clerici
492 3481 543 3511 ,an
554 3472 736 3506 renunciare
746 3473 860 3518 possint
868 3474 1024 3520 Capitulo
1035 3476 1224 3511 odoardus-i
1231 3476 1272 3511 18
1276 3497 1285 3507 ·

346 3523 400 3558 19.

798 211 1020 280 Index·
1032 209 1309 306 Rerum³

1342 212 1405 279 81
1438 210 1802 278 Verborum
1820 235 1856 275 ε’
2008 262 2011 266 .

1340 303 1367 340 Ι.
1417 304 1566 340 Clericus
1577 303 1740 338 consulens
1754 298 1982 342 homicidium,
2001 298 2180 338 non'soffim
2203 301 2346 354 Q

1389 351 1520 397 gularis,
1536 350 1691 386 sedetiam
1706 362 1770 385 non
1784 350 1878 384 debet
1889 349 1994 394 legere
2010 348 2178 391 Ιεᾶἰοηεε,
2187 355 2331 437 απαξ

1390 406 1457 432 tare
1469 397 1682 443 Responsoria
1694 397 1836 443 separata
1845 397 1875 430 in
1888 395 1992 430 choro
2004 419 2016 430 .
2030 396 2108 432 188.
2119 400 2154 432 6.
2317 401 2338 434 f
2357 410 2361 415 ·

1344 447 1372 479 Ι.
1420 445 1567 480 Clericus
1591 444 1710 480 vadens
1734 457 1794 480 una
1807 455 1883 479 cum*
1893 444 1960 478 aliis
1985 441 2026 477 ad
2038 444 2174 491 aliquem
2245 444 2253 452 “
2315 487 2318 489 Α

1390 492 1467 527 dum
1483 493 1575 532 ,licet
1586 490 1650 536 ipse
1662 503 1726 526 non
1735 499 1873 536 apponat
1889 489 2066 531 manum,fi
2079 500 2184 527 tamen
2197 491 2219 525 h
2307 491 2343 538 'P‘

1391 539 1477 574 dium
1490 538 1526 573 fit
1538 551 1593 584 per
1605 540 1686 574 alios
1701 563 1712 579 ,
1725 539 1858 573 efficitur
1867 538 2065 584 irregularis.
2078 549 2154 583 190.
2166 551 2219 583 29.
2275 538 2278 539 ⁷

1344 585 1371 621 I.
1419 586 1564 622 Clericus
1576 586 1693 626 fac'oens
1705 588 1803 621 rixam
1819 609 1831 625 ,
1852 589 1887 622 δι
1900 595 2053 620 exercens
2064 586 2207 624 illIcitum
2220 608 2233 626 ‚
2256 584 2281 621 ss
2292 609 2294 611 »
2312 590 2325 632 j

1393 636 1461 674 ejus
1481 635 1586 668 amicis
1599 658 1610 675 ‚
1634 634 1687 668 seu
1710 633 1946 680 consanguineis
1966 631 2258 677 supervenientium
2284 641 2297 678 ᾗ

1394 681 1509 726 aliquis
1521 679 1728 721 interfectus,
1741 680 1784 714 est
1794 679 1993 727 irregularis.
2008 690 2152 727 191·33'·
2263 679 2265 683 ’
2286 722 2288 726 .
2336 687 2340 695 ’

1345 727 1372 762 Ι.
1419 729 1567 763 Clericus
1586 730 1692 774 primae
1703 727 1856 763 Tonsurae
1877 726 2055 773 praesentari
2065 725 2220 773 potestati
2232 733 2248 773 3'
2267 752 2271 754 -
2301 767 2307 772 ,

1393 774 1500 810 ficium
1515 800 1526 816 ‚
1551 776 1728 810 dummodo
1748 775 1812 810 hoc
1829 787 1895 810 non
1913 775 2052 820 requirat
2073 781 2253 815 amona<
2305 774 2309 776 ’

1393 834 1464 857 neni
1478 845 1489 862 ‚
1505 824 1601 857 etiam
1620 822 1643 856 fi
1656 834 1718 857 non
1739 821 1862 858 incedat
1886 823 1919 856 in
1940 821 2077 864 habitu,
2096 821 2134 858 &
2157 827 2207 856 tu
2224 840 2226 848 v
2259 842 2285 866 „¹
2318 836 2323 842 -’

1395 880 1472 906 201.
1506 895 1515 905 .
1642 894 1646 900 .
1991 899 1993 901 ,
2143 897 2145 899 ,
2183 893 2207 904 ,,
2256 893 2279 910 w
2313 890 2316 895 .

1345 920 1374 952 1.
1423 883 1568 952 Cleficus
1579 918 1766 963 conjugatus
1777 914 2111 963 ‚mulienillegitime
2149 942 2151 944 -
2168 935 2175 945 ·
2194 939 2237 962 sq,
2252 906 2278 929 '²

1395 976 1476 1005 mus,
1489 964 1628 1004 Invitus,
1644 964 1817 1010 Episcopus
1831 965 2006 1010 praesentari
2016 974 2081 999 non
2090 963 2165 1010 poss
2239 964 2252 983 ,·
2298 967 2308 1012 'P

1392 1013 1506 1047 neficia
1518 1011 1749 1046 Ecclesiastica.
1768 1014 1847 1047 2'01.
1863 1022 1916 1047 10.
2018 1040 2023 1043 .
2043 1043 2046 1045 Α
2210 1036 2214 1040 .
2234 1033 2288 1060 ᾧ

1344 1063 1372 1094 1.
1420 1059 1496 1093 Post
1506 1061 1554 1099 jus
1565 1058 1731 1104 quaesitum
1748 1060 1871 1105 exlege
1881 1058 2070 1094 fimdationis
2079 1057 2219 1096 Clenna·
2189 1058 2213 1068 '⁹

1392 1108 1558 1142 torialibus
1570 1108 1601 1140 in
1615 1106 1795 1142 admissione
1808 1106 1847 1141 ad
1860 1105 2023 1141 Beneficia
2031 1103 2138 1141 eteQa
2149 1105 2182 1140 in
2271 1103 2298 1119 ”’“
2310 1112 2323 1118 “’

1392 1153 1586 1189 Communia
1597 1176 1608 1193 ,
1635 1164 1698 1187 non
1712 1153 1836 1198 possunt
1847 1153 1964 1188 Clerici
1976 1152 2188 1196 civitatenses
2338 1176 2340 1189 2

1392 1200 1635 1240 Statutuni‚aut
1647 1201 1753 1247 legem
1765 1200 1952 1237 eorumdem
1964 1199 2216 1237 Territorizlinm
2230 1200 2233 1202 ’
2315 1211 2319 1215 “
2359 1197 2368 1217 ³

1391 1247 1609 1293 sivam.239.
1625 1247 1678 1282 18.
1743 1277 1746 1278 ⁷
1832 1279 1838 1281 .
1920 1262 1921 1265 ¹
1983 1262 2057 1283 -,.,·.τ;
2088 1262 2157 1282 21.
2182 1243 2256 1283 ..μ’

1360 1317 1362 1319 -
1439 1295 1563 1332 Videin
1578 1294 1668 1331 verb.
1678 1295 2088 1335 eonditimsminarium.
2141 1322 2143 1326 .
2196 1310 2201 1314 ·>
2222 1298 2247 1327 'i

1651 1372 2068 1430 cornerio.¹
2135 1370 2180 1390 ”
2230 1370 2371 1438 ,”

1347 1487 1405 1524 VI.
1452 1486 1593 1537 Qando
1602 1485 1746 1521 constare
1759 1496 1821 1521 non
1832 1459 1955 1522 dicatur
1977 1487 2018 1521 de
2028 1472 2196 1524 coafflone
2209 1485 2285 1537 abso
2294 1536 2297 1537 ⁷
2305 1469 2324 1490 ’κ’
2337 1523 2338 1526 ,
2353 1494 2358 1523 ἒ

1394 1546 1438 1578 ta,
1451 1547 1509 1571 nec
1524 1535 1564 1569 de
1577 1532 1744 1569 coactione
1755 1532 1912 1569 causativa
1921 1535 1952 1568 in
1962 1533 2156 1597 liisceptiope
2165 1536 2216 1572 Or
2241 1537 2248 1544 '
2292 1538 2293 1541 ’

1346 1596 1412 1667 VI?
1421 1595 1604 1666 54ὲέᾏᾶὶο
1615 1626 1759 1662 absoluta
1781 1627 1811 1662 in
1824 1626 2020 1674 susceptione
2029 1608 2188 1668 ordinum
2207 1631 2216 1639 '

1392 1677 1628 1724 impressionem
1642 1674 1831 1709 characteris
1842 1698 1853 1709 .
1865 1687 1881 1721 3
1889 1686 1945 1721 54.
1954 1688 1986 1710 2.
2007 1701 2010 1704 Α
2036 1715 2041 1718 ,
2278 1708 2286 1715 ,
2351 1704 2355 1711 ,

1348 1724 1404 1761 vl.
1451 1723 1594 1759 Coafflo
1605 1722 1763 1757 causativa
1773 1724 1806 1757 in
1816 1722 2012 1768 susceptione
2019 1720 2178 1762 ordinum
2186 1724 2208 1761 li
2283 1730 2286 1732 '

1393 1767 1544 1817 impediat
1554 1769 1786 1814 impressionem
1797 1768 2000 1812 characteris,
2015 1771 2147 1818 impedit
2242 1767 2254 1775 ”

1394 1829 1462 1856 tum
1477 1817 1677 1854 continentiae
1694 1840 1704 1852 .
1719 1829 1736 1863 3
1744 1829 1796 1864 54.
1808 1830 1838 1852 2.

2228 1879 2262 1934 Αἰι
2270 1868 2315 1902 ἷβῗῖ
2351 1886 2355 1893 ¹

1351 2012 1393 2047 ΙΙ.
1441 2007 1623 2049 Coadjutoi·
1633 2031 1644 2048 ,
1660 2006 1712 2042 seu
1725 2007 1868 2044 Vicarius
1879 2017 2144 2056 temporaneum
2160 2008 2274 2057 ·*2·'J',;1.
2313 2020 2333 2044 ,ἢ
2351 2017 2358 2053 j

1393 2059 1461 2098 dire
1477 2055 1655 2091 Parochum
1677 2057 1716 2090 ne
1727 2065 1875 2092 exerceat
1895 2056 2073 2093 fimfflones
2083 2057 2160 2094 Par.
2174 2067 2223 2087 .·.·.
2248 2040 2297 2103 'f
2330 2091 2348 2098 ἶ

1393 2100 1550 2142 parochia
1562 2126 1574 2142 ,
1591 2114 1650 2136 nec
1663 2103 1765 2148 potest
1776 2105 1888 2139 lucrari
1899 2106 2112 2141 emolumenta
2124 2105 2165 2140 1³⁴
2294 2141 2297 2143 ,

1395 2156 1477 2189 606.
1492 2151 1684 2195 7.1ntellige
1699 2174 1710 2190 ‚
1720 2160 1756 2184 ut
1766 2151 1810 2185 ibi
1821 2174 1831 2184 .
2121 2177 2127 2184 .
2247 2149 2283 2193 3-

1348 2200 1391 2235 11.
1441 2200 1586 2233 Summus
1598 2197 1749 2232 Pontifex
1759 2209 1801 2232 ex
1808 2199 1905 2233 causis
1915 2198 2100 2244 praescriptis
2111 2197 2236 2235 &Sacro
2253 2207 2282 2241 ‘3-

1392 2247 1469 2281 cilio
1480 2244 1667 2279 Tridentino
1681 2245 1754 2279 dare
1767 2246 1845 2280 solet
1858 2246 2025 2282 Canonico
2034 2247 2163 2282 infirmo
2172 2269 2185 2287 ‚
2202 2248 2265 2291 aff

1394 2291 1630 2333 coadjutorem
1642 2302 1712 2327 cum
1726 2292 1831 2327 futura
1845 2293 2028 2328 successione
2037 2316 2048 2327 .
2061 2297 2141 2338 609.
2156 2303 2194 2329 ι.Υ
2248 2291 2257 2300 ‘

1346 2345 1392 2377 11.
1441 2340 1587 2374 summus
1599 2339 1750 2374 Pontifex
1771 2341 1945 2375 concedere
1971 2352 2036 2376 non
2057 2341 2140 2377 solet
2160 2355 2171 2362 ‘¹
2188 2358 2221 2369 ν

1393 2399 1461 2423 rem
1471 2397 1543 2421 cuni
1554 2385 1660 2421 futura
1673 2387 1857 2421 succeffione
1869 2388 2040 2424 Canonico
2049 2387 2223 2431 infirmo,··¹
2232 2391 2248 2413 1*
2264 2382 2271 2392 ⁸
2302 2391 2303 2395 ’

1394 2434 1510 2480 absque
1527 2434 1675 2469 consensu
1692 2434 1914 2470 Pati-unorum.
1928 2439 2053 2480 ⁶09·²·‘
2129 2437 2136 2469 Q
2165 2439 2173 2443 ”
2188 2451 2192 2457 2
2218 2438 2222 2443 ‘
2248 2435 2267 2460 ε’»
2283 2428 2291 2466 f

1346 2484 1394 2522 11.
1442 2482 1520 2516 Rot.
1533 2482 1622 2526 decis:
1637 2486 1712 2517 162.
1722 2492 1791 2529 par.
1808 2492 1858 2516 12.
1870 2492 2065 2518 recent-non
2073 2481 2242 2519 fimat&
2279 2488 2296 2514 ·?
2320 2483 2325 2491 ’“

1393 2530 1567 2564 rationibus
1575 2528 1808 2568 Coadjutorum
1827 2539 1900 2564 cum
1910 2530 2013 2566 flatura
2025 2525 2211 2566 sucoeffione
2228 2548 2233 2559 ι
2249 2546 2278 2562 οι,
2313 2569 2320 2573 -

1396 2577 1513 2622 requiri
1526 2575 2214 2620 consensumPatronoruvaaiconim06o9.
2226 2577 2267 2624 35
2294 2573 2323 2622 gg
2372 2607 2373 2610 ,

1346 2629 1392 2661 11.
1441 2623 1621 2663 Coadjutor
1636 2625 1763 2658 vivente
1778 2623 1944 2664 Coadjuto
1956 2623 2176 2661 debethabere
2226 2625 2289 2654 ..³
2311 2666 2315 2670 ἡ
2370 2622 2375 2629 ’

1393 2672 1499 2705 locum
1510 2679 1573 2705 tam
1584 2673 1616 2704 in
1628 2671 1729 2705 choro
1740 2694 1752 2712 ‚
1778 2670 1868 2714 quam
1878 2673 1910 2705 in
1918 2671 1985 2707 aliis
1995 2669 2240 2707 funffionibus‘
2257 2691 2264 2695 ··
2310 2671 2314 2681 ²
2368 2678 2373 2688 ’

1394 2717 1518 2752 sialiicis
1534 2742 1543 2752 .
1557 2722 1680 2764 610.4.
2198 2739 2199 2742 ,
2219 2715 2230 2747 ί
2254 2742 2260 2748 ,
2300 2735 2326 2762 ¹„
2368 2719 2372 2735 ¹

1346 2770 1393 2801 11.
1440 2765 1548 2799 Potest
1558 2766 1698 2800 interesse
1710 2763 1811 2799 choro
1825 2787 1836 2804 ‚
1849 2764 2023 2801 &Divinis
2033 2765 2178 2807 officiis,
2227 2764 2263 2812 ¹*
2302 2763 2335 2795 ·“’”
2367 2774 2372 2799 ι

1393 2813 1520 2857 quando
1535 2812 1716 2848 Canonicus
1731 2811 1909 2853 coadjutus
1919 2812 2044 2849 interest
2054 2836 2065 2847 .
2076 2817 2156 2850 610.
2171 2824 2203 2860 ς.
2307 2835 2309 2837 ·
2322 2836 2341 2847 -.
2373 2822 2378 2824 ’

1346 2866 1392 2897 ΙΙ.
1439 2859 1516 2894 Non
1525 2858 1628 2905 potest
1649 2860 1689 2895 ad
1701 2859 1804 2894 officia
1812 2859 2008 2906 Capitularia
2031 2860 2136 2896 valide
2152 2861 2216 2902 el*
2258 2854 2291 2900 :ss

1399 2907 1453 2941 illa
1461 2917 1629 2942 exercere.
1641 2911 1721 2943 610.
1734 2910 1767 2942 6.
2147 2908 2151 2911 ’
2174 2915 2181 2927 *
2199 2912 2226 2951 ’,εν
2245 2944 2248 2948 ,

1345 2954 1405 2991 V1.
1452 2954 1635 2994 Coadjutor
1650 2952 1794 2999 Episcopi
1818 2954 1960 3000 praestare
1971 2953 2075 3002 potest
2097 2954 2194 2996 suam

1377 3013 1381 3018 ·
1392 3009 1490 3036 tatem
1501 3001 1725 3047 permutationi
1737 3000 1975 3040 Beneficiorum
1984 3027 1995 3038 .
2006 3013 2084 3051 3²¹·
2098 3012 2152 3050 17.
2182 3012 2227 3056 «Ἰ

1438 3047 1519 3083 Vide
1530 3049 1562 3083 in
1574 3048 1661 3083 verb.
1672 3051 1857 3085 canonicus.
2107 3050 2110 3053 ’

1608 1889 2102 1959 ΟΟΑΒΙΠΤΟΚ.

1589 3146 2097 3184 CODICILLUS.

1343 3240 1388 3274 11.
1434 3237 1498 3272 Per
1506 3236 1699 3275 Codicillum
1711 3250 1880 3285 numquam
1889 3239 2031 3275 c’ensetur
2039 3238 2142 3275 receff
2161 3243 2210 3275 ns·
2218 3258 2229 3270 .-
2356 3235 2371 3284 -Ξ
2386 3246 2389 3251 ·

1391 3285 1455 3320 fitis
1465 3286 1496 3338 in
1506 3284 1813 3339 testamento.47.-5.
1825 3288 1971 3334 Intellige
1979 3311 1991 3327 ,
2008 3287 2092 3322 utibi
2103 3309 2115 3321 .
2127 3286 2163 3322 &
2175 3307 2178 3310 v
2189 3270 2278 3334 ''⁸7⁴5“
2372 3295 2379 3314 5

1390 3346 1424 3380 4.
1436 3333 1549 3367 Liinita
1561 3344 1596 3368 ut
1607 3335 1650 3369 ibi
1663 3358 1672 3369 .
1716 3361 1719 3363 .
1974 3336 1976 3338 ’
2323 3357 2327 3363 ,
2384 3351 2389 3362 „

1342 3384 1388 3418 11.
1437 3380 1614 3416 Codicillus
1625 3382 1698 3418 cuin
1709 3381 1747 3417 sit
1758 3393 1827 3427 pars
1837 3381 2012 3417 testamenti
2022 3378 2262 3428 semperdebet,

1388 3439 1431 3463 eo
1441 3429 1599 3464 conciliari
1614 3453 1624 3464 .
1636 3441 1694 3476 49.
1711 3440 1725 3464 1
1733 3443 1762 3464 2.
2212 3429 2219 3437 ²
2231 3429 2251 3448 ν
2259 3426 2285 3453 :1-
2359 3438 2382 3449 .,.

1341 3475 1400 3510 VI.
1447 3473 1578 3512 Vocatis
1589 3479 1621 3513 in
1631 3478 1818 3513 testamento
1826 3476 1866 3512 ad
1874 3476 2109 3523 Juspatronatus
2119 3442 2317 3559 [οῶὓῆ
2358 3475 2386 3538 ’ξ
