2392 3736
563 159 682 221 De
693 156 1213 256 Jurepatron'atus
1245 158 1381 223 Par.
1405 158 1512 226 VI.

92 255 262 300 valeant
279 279 294 301 ,
320 249 420 292 lie'et
448 259 525 290 nec
539 245 822 296 Beneficium,
855 259 934 289 nee
947 260 1022 302 pa-

90 314 329 357 trimonium
344 309 563 353 obtineant
576 333 591 356 ‚
617 320 641 349 a
658 306 828 349 Summo
843 305 1022 349 Pontifi-

88 387 139 415 ce
150 373 323 414 Urbano
337 367 445 410 vm.
457 366 518 408 die
537 379 553 406 1
562 377 602 417 3.
613 365 765 407 Martii
780 378 798 406 ι
807 371 832 406 6
837 377 906 417 40.
916 379 1023 409 con-

91 429 240 475 ceffum
256 429 335 471 fuit
351 426 541 468 Alumnis
559 425 775 468 Seminarii
793 424 1023 483 pragensis,

5 517 7 538 2
92 502 139 534 ut
165 488 346 531 Ordines
370 486 556 541 recipere
588 486 756 527 valeant
786 483 867 527 (ine
894 484 1024 527 titulo

6 582 8 587 ,
87 546 313 594 Beneficii,
346 556 416 587 aut
431 547 694 601 patrimonii,
724 543 796 586 sed
813 541 945 587 solum
968 545 1023 587 ad

7 629 9 649 ι
88 608 257 651 titulum
270 604 471 648 Miffiouis
487 632 500 652 ‚
534 615 657 659 prout
673 605 724 646 ab
742 603 894 647 eodem
912 605 1026 647 Pon-

8 670 9 681 *
88 665 200 710 tifice
216 665 498 722 praecedenter
517 660 748 705 concessum
766 661 904 706 fuerat
917 663 1020 709 die...

92 727 144 768 18
159 725 268 776 Maji
285 726 410 776 1638.
426 723 619 765 Aiumnis
638 722 828 778 Collegii
847 724 901 765 de
915 724 1021 765 Pro-

87 785 279 844 paganda
294 785 421 825 Fide.
435 782 605 824 Alumni
622 782 814 838 Collegii
832 783 976 824 illirici
995 781 1022 825 ὲ

89 846 302 904 Gregorio
317 842 428 886 xm.
455 841 660 889 instituti,
691 846 731 884 δι
766 841 818 883 ab
844 842 1021 885 Urbano

11 909 13 914 '
87 907 198 961 Papa
212 904 322 946 VIII.
336 901 566 946 restaurati
555 914 596 943 in
616 902 804 945 Civitate
819 901 1020 944 Laureta-

11 982 14 991 ⁴
89 978 167 1013 na,
193 963 419 1020 privilegio
437 961 655 1016 potiuntur
670 960 953 1004 ordinationis
969 959 1019 1002 fi-

0 1045 16 1075 r,
89 1024 141 1068 ne
156 1021 365 1066 Beneficio
382 1018 676 1068 Ecclesiastico,
694 1024 733 1062 δε
747 1022 1018 1076 patrimonio,

21 1565 27 1687 Ξ

25 1727 63 1824 ’ἱό

35 2229 38 2267 g
91 2213 228 2256 nistri
217 2226 259 2254 in
272 2211 545 2259 Cathedrali,

33 2276 39 2328 ‘g
92 2276 132 2315 δε
155 2272 487 2314 Archidiaconus
502 2298 516 2318 ‚
546 2269 750 2326 quodque
782 2269 921 2312 nullus
952 2267 1019 2311 su-

37 2329 40 2369 }
90 2333 221 2387 perest
238 2332 386 2372 modus
400 2329 710 2385 Cappellanias‚
728 2341 796 2370 aut
812 2327 1020 2371 Beneficia

89 1082 204 1126 nulla
221 1081 326 1125 faeta
341 1081 554 1123 mentione
572 1080 685 1121 tituli
704 1078 937 1127 Miffionis,
972 1091 1018 1122 ut

88 1143 242 1199 legitur
269 1142 309 1183 in
335 1140 558 1209 privilegio
589 1139 641 1181 ab
672 1138 823 1181 eodem
841 1138 1017 1181 Urbano

88 1198 280 1244 eonceffo
289 1200 419 1255 prima
430 1198 550 1258 ‘Junii
566 1203 642 1239 162
652 1211 691 1248 7.
715 1197 943 1240 Confimile
959 1198 1017 1240 est

89 1261 355 1318 privilegium
381 1260 431 1301 ab
448 1259 598 1301 eodem
615 1256 821 1300 Pontifice
838 1255 1017 1299 conces-

89 1319 174 1362 sum
204 1319 408 1375 Collegio
436 1316 625 1359 Fuldenfi
610 1331 726 1372 ipro
745 1317 1016 1359 scholaribus

89 1380 344 1422 Germanicae
380 1378 588 1424 nationis,
623 1389 795 1419 necnon
809 1377 1015 1435 Collegio

90 1437 292 1496 Pragenfi,
303 1435 366 1479 uti
383 1433 544 1492 plenius
559 1436 820 1492 deprehendi
835 1436 948 1479 valet
963 1451 1018 1479 ex

90 1498 336 1542 collectione
361 1495 599 1543 nullarum,
648 1498 687 1538 &
723 1496 1020 1538 decretoruma

90 1556 448 1613 Congregationis
463 1554 516 1596 de
532 1555 805 1611 Propaganda
820 1554 954 1604 Fide,·
942 1569 1020 1598 nn-

88 1615 244 1674 preiss,
258 1615 329 1658 sed
343 1627 550 1672 nunquam
566 1611 771 1663 absoluta,
786 1627 863 1658 nec
876 1614 1020 1672 publi-

87 1676 207 1720 cata·

149 1737 425 1778 Cohaerenter
440 1733 492 1776 ad
506 1733 606 1782 haec,
622 1731 849 1789 Episcopus
864 1733 1020 1777 Sanetae

91 1796 242 1838 Crucis
255 1795 360 1837 dela
376 1795 536 1838 Sierra
524 1808 565 1835 in
585 1794 714 1836 Indiis
729 1793 1019 1836 Occidentali-

29 1889 31 1912 :
91 1857 170 1899 bus
188 1883 202 1905 ‚
227 1855 319 1898 cilm
335 1856 376 1896 in
388 1852 467 1895 suis
482 1853 612 1894 literis
629 1853 681 1894 ad
700 1852 1020 1896 Sanstiffimunu

30 1950 33 1975 ἱ
92 1915 323 1957 Dominum
352 1915 548 1956 Nostrum
578 1913 720 1961 datis,
764 1909 1021 1968 exposuerit,

91 1975 209 2031 quod
233 1975 277 2015 in
293 1973 481 2016 Civitate
497 1974 631 2014 Sanffl
647 1973 855 2015 Laurentii
885 1973 939 2014 de
953 1971 1020 2014 la„

31 2038 33 2062 ³
91 2035 299 2081 Baranca,
329 2047 420 2089 quae
436 2033 536 2075 loco
553 2032 725 2073 alterius
742 2032 894 2073 Sanetae
908 2032 1020 2074 Cru-

32 2103 35 2136 f
90 2095 180 2141 cis,
195 2107 286 2151 quae
303 2091 478 2148 amplius
494 2105 575 2133 non
591 2092 752 2139 existit,
770 2088 1021 2149 subrogata..-

89 2151 186 2202 fuir,
201 2154 288 2196 duo
302 2153 458 2194 tantum
470 2148 558 2192 sunt
572 2151 764 2198 Parochi
777 2155 817 2193 &
832 2151 919 2192 duo
934 2151 1018 2192 Mi-

570 2211 765 2251 Decanus
800 2210 1017 2258 videlicet,

91 2391 309 2446 erigendi,
336 2391 389 2431 ad
413 2402 589 2446 quorum
605 2389 752 2428 titulos
768 2389 925 2430 Clerici
946 2402 1018 2430 or-

91 2451 225 2492 dinari
245 2451 407 2492 valeant
425 2477 438 2497 ,
467 2453 505 2490 &
531 2447 646 2504 quod
661 2446 826 2490 tandem
843 2447 1017 2502 impoffi-

90 2509 175 2552 bile
192 2510 247 2551 est
263 2522 483 2550 extraneos
499 2508 722 2553 advocare,
734 2507 806 2563 qui
823 2508 875 2549 ad
887 2507 1016 2549 dictas

91 2568 298 2624 Regiones
314 2568 516 2610 accedant
534 2594 546 2614 ,
577 2580 626 2608 ex
656 2581 743 2621 quo
779 2567 934 2609 nullum
957 2567 1016 2609 est

44 2647 47 2668 ι
91 2628 213 2679 hujus
229 2629 456 2672 Provinciae
484 2640 576 2668 curn
595 2626 685 2666 aliis
703 2627 1018 2675 commercium,

42 2682 48 2722 ¹,
92 2690 132 2728 δι
149 2685 200 2728 fic
216 2687 423 2731 sanctitati
437 2687 525 2727 Suae
551 2683 845 2740 supplicaverit
862 2699 937 2752 pro
951 2685 1015 2727 fa-

46 2762 49 2771 ⁴
92 2744 579 2788 cultatemmand1sacr1s
599 2745 828 2786 Ordinibus
846 2745 932 2796 ejus
950 2759 1016 2787 re·

46 2806 49 2811 ⁴
93 2807 236 2860 gionis
273 2807 459 2853 incolas,
488 2805 588 2846 licet
617 2805 783 2846 titulum
808 2803 1019 2853 Beneficii,

30 2837 55 2988 ,Ξ

30 2973 57 3094 ΞΞ

34 3103 58 3167 Ξ

36 3187 60 3263 «τι

40 3259 61 3323 a}

92 2877 163 2907 aut
188 2865 429 2939 patrimonii
456 2877 539 2906 non
575 2865 781 2912 habeant,
817 2868 857 2906 δι
888 2864 1020 2908 multo

94 2926 242 2982 magis,
246 2924 339 2967 cum
355 2924 511 2966 nullum
527 2922 625 2965 adfit
645 2923 889 2979 periculum,
903 2924 1019 2980 quod

92 2984 282 3026 Promoti
297 2984 531 3026 mendicare
547 2983 878 3040 conspiciantur,
898 2984 1019 3038 quia...

93 3043 260 3087 nullus
249 3057 290 3085 in
310 3044 416 3085 dicta
435 3043 688 3097 Regioneest
688 3043 1022 3099 ‚quimendicet,

93 3106 133 3151 δι
150 3103 172 3147 ὲ
190 3103 412 3146 Sanffitate
429 3102 509 3143 Sua
522 3100 674 3144 fuerint
692 3115 835 3158 preces
856 3099 1022 3145 remiffae

36 3162 59 3197 ³·
92 3162 144 3204 ad
160 3163 264 3206 hanc
281 3164 442 3204 Sacram
460 3164 864 3220 Congregationem‚
884 3159 1022 3218 dispu-

92 3224 289 3265 tandum
278 3237 318 3264 m
335 3218 519 3278 praesenti
534 3223 781 3278 proponitur
798 3221 993 3263 dubium.

102 3323 105 3325 .
149 3288 210 3324 An
229 3283 430 3336 Epispopus
447 3282 594 3323 Sanliae
613 3281 745 3324 crucis
770 3281 816 3322 de
832 3281 871 3321 la
889 3279 1024 3322 Sierra

58 3326 63 3391 Ξ
82 3341 138 3394 fit
165 3341 460 3397 indulgendum,
488 3353 530 3383 ut
558 3353 789 3393 promovere
804 3339 944 3382 valeat
971 3339 1029 3381 ad

43 3419 50 3483 ζ
82 3400 395 3505 [αεὲἰινῗῖἰῖηυ
414 3401 456 3444 in
471 3401 653 3444 civitate
669 3399 804 3443 Sanan·
817 3400 1023 3444 Laurentii

1138 247 1239 289 dela
1255 250 1440 289 Raram-a
1459 261 1525 289 eos
1538 274 1554 296 ‚
1576 259 1672 301 quos
1683 247 1759 302 ipse
1773 248 2084 308 necefficriosju..

1139 307 1374 355 dicaverit,
1390 306 1481 348 licet
1495 320 1564 347 nec
1578 308 1838 362 Beneficium,
1852 322 1919 350 nec
1929 309 2084 363 penso

1140 379 1258 414 nem,
1274 380 1342 408 nec
1353 365 1636 420 patrimonium
1651 367 1872 410 obtineant.

1179 425 1183 429 ’
1200 426 1282 468 Pro
1303 425 1440 481 gratia
1449 424 1681 469 dummodo
1708 439 1794 471 non
1810 427 1988 471 excedat
2006 439 2084 470 nu-

1143 498 1302 528 merum
1315 484 1621 529 duodenarium
1638 512 1651 524 .

1494 603 1671 663 Regien-

1403 736 1443 776 5.
1459 722 1621 780 Augusti
1636 735 1763 775 1719.

1278 842 1308 885 S
1337 842 1379 882 U
1407 839 1454 883 M
1483 842 1529 885 M
1559 843 1599 887 A
1627 842 1663 883 R
1693 844 1712 884 1
1740 841 1782 881 U
1811 839 1885 883 M.

1082 974 1102 1003 ι
1165 960 1355 1005 Bedunia
1374 962 1502 1003 oneris
1518 960 1725 1020 Mifflzrum
1738 975 1790 1002 an
1806 989 1819 1010 ,
1852 959 1902 1004 ὰ
1917 961 2077 1015 quando

1181 1021 1240 1075 stt
1255 1022 1491 1063 concedenda
1510 1050 1524 1070 ,
1540 1021 1659 1063 etiam
1666 1023 1711 1077 st*
1719 1035 1813 1062 onus
1816 1020 1949 1075 fuerit
1964 1033 2076 1063 acce-

1187 1091 1348 1134 ptatum
1361 1098 1374 1127 ς
1389 1080 1439 1124 ὰ
1456 1096 1508 1123 an
1519 1108 1533 1129 ‚
1547 1081 1597 1123 ό·
1614 1082 1767 1136 quando
1780 1080 1882 1122 idem
1893 1093 1986 1122 onus
2000 1093 2076 1120 non

1182 1140 1242 1194 sit
1254 1140 1574 1192 transferendum
1598 1141 1647 1181 de
1662 1155 1738 1182 una
1750 1168 1765 1189 ‚
1797 1141 1853 1182 ad
1862 1141 1984 1184 aliam
1999 1143 2077 1183 Ec-

1174 1218 1179 1224 ·
1195 1200 1346 1256 clesiam
1358 1201 1377 1241 ἒ

1344 1327 1475 1374 Sess.25.
1488 1339 1595 1376 cap.4.
1607 1328 1646 1363 de
1661 1327 1806 1364 Reform.

1181 1436 1280 1478 Ulia
1302 1435 1540 1480 Cavallotti
1569 1436 1722 1478 Zoboli
1745 1437 1789 1479 in
1807 1435 2076 1479 Testamento

1203 1495 1378 1539 condito
1395 1509 1505 1539 anno
1527 1507 1655 1546 1595
1672 1494 1762 1553 disp
1766 1494 1903 1545 osuit,
1920 1509 1966 1538 ut
1983 1497 2077 1538 An-

1138 1557 1281 1599 tonius
1299 1553 1392 1597 suus
1411 1556 1586 1598 Maritus
1613 1555 1799 1598 traderet
1814 1556 1938 1598 alicui
1959 1555 2077 1597 Loco

1136 1617 1229 1663 Pio,
1249 1614 1466 1672 quoddam
1485 1614 1687 1658 Praedium
1704 1615 1968 1658 extradotale
1985 1614 2077 1656 sbi

1085 1687 1104 1716 1
1138 1686 1278 1717 metm
1293 1671 1374 1715 suis
1391 1675 1548 1730 nuptiis
1568 1672 1847 1724 reservatum,
1861 1689 1946 1717 cum
1962 1687 2076 1716 onere

1137 1746 1297 1783 tamen,
1311 1735 1417 1789 quod
1427 1733 1556 1775 dinus
1572 1738 1690 1777 Locus
1703 1734 1796 1777 Pius
1816 1735 1940 1789 sicut
1945 1734 2077 1789 supra

1137 1795 1320 1849 deputari.
1345 1793 1396 1836 ὰ
1407 1794 1542 1850 eligen.
1558 1803 1744 1836 teneatur
1755 1822 1770 1843 ‚
1795 1795 1845 1838 ὰ
1858 1795 1998 1836 debeat
2011 1809 2076 1836 ce-

1137 1853 1293 1895 lebrare
1308 1880 1323 1902 ‚
1342 1853 1416 1905 seu
1430 1853 1618 1894 celebrari
1618 1852 1760 1907 facere
1785 1854 1826 1894 in
1836 1854 2001 1908 Ecclesia
2015 1853 2079 1894 di-

1140 1914 1296 1955 aarum
1312 1912 1574 1961 Mom‘alium,
1603 1913 1685 1956 hoc
1720 1913 1776 1956 est
1797 1913 2081 1956 Monialiuma

1139 1969 1438 2014 Misericordiae
1470 1972 1670 2015 Civitatis
1697 1972 1872 2029 Regien.
1902 1973 2083 2015 existenq

1138 2034 1242 2074 tium
1274 2028 1347 2074 sub
1377 2031 1589 2088 gubernio
1613 2033 1779 2075 Pati-um
1796 2033 1975 2075 Minoris
1988 2032 2080 2076 Ob-

1137 2090 1350 2134 servantiae
1364 2091 1416 2132 Sa
1424 2091 1503 2134 neci
1526 2091 1653 2133 Franc
1663 2089 1763 2140 isci‚
1776 2102 1836 2134 tot
1850 2092 2083 2150 Mtffizssln-

1132 2150 1225 2207 gulo
1253 2149 1317 2191 die
1334 2178 1347 2199 ‚
1364 2151 1440 2203 seu
1454 2149 1609 2206 singula
1629 2151 1862 2194 hebdomada
1889 2152 2078 2206 inperpe-

1137 2222 1247 2252 tuum
1268 2221 1343 2264 pro
1358 2210 1492 2252 anima
1510 2209 1622 2250 diHae
1635 2210 1860 2262 Tssatricis
1877 2238 1891 2259 ,
1913 2211 1964 2254 ὁ»
1979 2212 2077 2264 suo-

1137 2282 1254 2318 rum,
1266 2279 1385 2323 prout
1398 2269 1626 2313 convenerit
1640 2268 1768 2311 dinus
1782 2270 1976 2313 Antonius
1993 2285 2078 2313 cum

1135 2333 1232 2372 Loco
1245 2328 1329 2377 Pio,
1344 2329 1519 2383 utsupra
1534 2329 1717 2384 deputan.
1732 2328 1782 2373 ὁ·
1795 2329 1919 2372 eidem
1930 2335 1983 2374 D.
1999 2335 2078 2374 An-

1137 2388 1241 2431 tonio
1248 2388 1472 2442 placuerit.

1195 2452 1243 2491 In
1261 2450 1556 2490 executionem
1585 2449 1738 2490 mentis
1754 2450 1880 2504 Juliae
1898 2426 2077 2499 Uxoris,

1136 2481 1312 2549 tradidit
1331 2507 1542 2550 Antonius
1571 2507 1772 2550 Praedium
1806 2510 2076 2565 Presbyteris

1137 2566 1391 2635 Collegiatae
1407 2565 1596 2609 Ecclesiae
1614 2568 1750 2610 saneti
1766 2569 1941 2613 Nicolai
1957 2569 2077 2612 Civi-

1135 2627 1233 2667 tatis
1253 2625 1427 2681 Regien.
1445 2637 1537 2668 curn
1557 2626 1667 2674 hoc,
1701 2628 1821 2684 quod
1833 2629 2079 2684 Collegiata

1133 2686 1360 2742 praedicta
1397 2683 1467 2727 seu
1497 2685 1610 2726 illius
1640 2687 1884 2743 Presbyteri
1914 2699 2079 2730 tenean-

1136 2757 1205 2787 tur
1226 2745 1309 2788 &a
1314 2744 1464 2800 fingulo
1482 2760 1598 2794 anna,
1616 2744 1822 2802 &singula
1840 2747 2078 2790 hebdomada

1138 2805 1180 2845 in
1204 2816 1433 2858 perpetuum
1449 2832 1463 2852 ‚
1494 2805 1617 2847 etiam
1643 2805 1750 2846 ultra
1765 2817 1916 2848 centum
1939 2821 2077 2856 annos,

1139 2863 1330 2905 celebrari
1331 2863 1471 2918 facere
1487 2864 1528 2905 ίη
1545 2865 1711 2920 Ecclesia
1728 2865 1962 2908 Monialium
1975 2869 2078 2910 San-

1139 2925 1210 2966 έῗι
1226 2924 1368 2966 Maria
1381 2923 1483 2967 della
1500 2924 1775 2978 Misericordia
1786 2925 1985 2968 civitatis
2000 2930 2077 2970 Re-

1134 2983 1196 3040 gii
1215 2987 1277 3025 M
1264 2984 1355 3041 fflzs
1376 2995 1458 3025 tres
1479 2995 1552 3038 pro
1565 2984 1699 3026 anima
1726 2985 1836 3026 dine
1848 2985 2075 3044 Juliae,&·

1125 3045 1289 3098 suorum
1313 3044 1369 3085 ad
1380 3043 1528 3085 dilium
1531 3043 1724 3097 summam
1748 3058 1820 3100 per
1832 3045 1976 3088 diHum
1990 3049 2076 3087 Do-

1139 3104 1286 3145 minum
1303 3102 1512 3145 Antonium
1527 3104 1739 3153 redaaas,
1755 3103 1887 3147 habito
1903 3106 2075 3159 respec‘i'u

1141 3164 1197 3205 ad
1221 3162 1445 3204 recolleHas
1462 3192 1476 3212 ,
1506 3175 1587 3218 quae
1613 3163 1882 3219 percipiuntur
1901 3178 1955 3208 ex
1969 3165 2075 3211 dina

1139 3222 1288 3266 Praedio
1302 3250 1316 3269 ,
1346 3236 1446 3278 quas
1475 3222 1614 3281 Miffizs
1640 3222 1769 3267 voluit
1793 3224 1916 3267 etiam
1945 3225 2076 3267 Ateius

1142 3281 1334 3325 Antonius
1349 3311 1362 3331 ,
1389 3283 1492 3337 quod
1508 3282 1608 3325 dini
1618 3284 1808 3339 Praepofin‘
1815 3297 1888 3339 pro
1906 3296 2076 3340 tempore

1143 3340 1256 3383 dina
1271 3340 1436 3397 Ecclesia
1450 3341 1626 3384 minuere
1638 3345 1808 3386 valeant
1823 3358 1955 3386 eorum
1964 3343 2076 3387 arbi-

1141 3400 1220 3444 trio
1239 3429 1254 3451 ‚
1283 3402 1414 3444 habito
1427 3402 1598 3459 respec‘Ju
1625 3403 1681 3443 ad
1694 3404 1916 3448 recolleaas
1936 3403 2074 3446 &dian

1565 3462 1607 3511 G
1621 3477 1649 3521 g
1666 3478 1694 3521 g
1925 3461 2073 3505 predio
