<?xml version="1.0" encoding="UTF-8"?>
<!DOCTYPE html PUBLIC "-//W3C//DTD XHTML 1.0 Transitional//EN"
    "http://www.w3.org/TR/xhtml1/DTD/xhtml1-transitional.dtd">
<html xmlns="http://www.w3.org/1999/xhtml" xml:lang="en" lang="en">
 <head>
  <title>
</title>
<meta http-equiv="Content-Type" content="text/html;charset=utf-8" />
  <meta name='ocr-system' content='tesseract 3.04.00' />
  <meta name='ocr-capabilities' content='ocr_page ocr_carea ocr_par ocr_line ocrx_word'/>
</head>
<body>
  <div class='ocr_page' id='page_1' title='image "./commentariainsin03farguoft_0031.png"; bbox 0 0 2476 3788; ppageno 0'>
   <div class='ocr_carea' id='block_1_1' title="bbox 0 2758 36 3788">
    <p class='ocr_par' dir='ltr' id='par_1_1' title="bbox 0 2758 36 3788">
     <span class='ocr_line' id='line_1_1' title="bbox 0 2758 36 3788; baseline 0 0"><span class='ocrx_word' id='word_1_1' title='bbox 0 2758 36 3788; x_wconf 95' lang='lat' dir='ltr'><em> </em></span> 
     </span>
    </p>
   </div>
   <div class='ocr_carea' id='block_1_2' title="bbox 287 153 1853 248">
    <p class='ocr_par' dir='ltr' id='par_1_2' title="bbox 287 153 1853 248">
     <span class='ocr_line' id='line_1_2' title="bbox 287 153 1853 248; baseline -0.003 -22"><span class='ocrx_word' id='word_1_2' title='bbox 287 161 928 248; x_wconf 73' lang='lat' dir='ltr'><em>Dejurepatronatus</em></span> <span class='ocrx_word' id='word_1_3' title='bbox 945 154 1080 220; x_wconf 89' lang='lat' dir='ltr'><em>Par.</em></span> <span class='ocrx_word' id='word_1_4' title='bbox 1103 153 1204 218; x_wconf 88' lang='lat'>111.</span> <span class='ocrx_word' id='word_1_5' title='bbox 1223 158 1386 221; x_wconf 89' lang='lat' dir='ltr'><em>Can.</em></span> <span class='ocrx_word' id='word_1_6' title='bbox 1407 155 1577 221; x_wconf 88' lang='lat' dir='ltr'><em>unic.</em></span> <span class='ocrx_word' id='word_1_7' title='bbox 1593 156 1734 222; x_wconf 88' lang='lat' dir='ltr'><em>Cas.</em></span> <span class='ocrx_word' id='word_1_8' title='bbox 1753 157 1853 221; x_wconf 91' lang='lat'>111.</span> 
     </span>
    </p>
   </div>
   <div class='ocr_carea' id='block_1_3' title="bbox 265 287 879 334">
    <p class='ocr_par' dir='ltr' id='par_1_3' title="bbox 265 287 879 334">
     <span class='ocr_line' id='line_1_3' title="bbox 265 287 879 334; baseline -0.007 0"><span class='ocrx_word' id='word_1_9' title='bbox 265 287 879 334; x_wconf 80' lang='lat' dir='ltr'><strong>SUMMARIUM.</strong></span> 
     </span>
    </p>
   </div>
   <div class='ocr_carea' id='block_1_4' title="bbox 100 381 1074 1881">
    <p class='ocr_par' dir='ltr' id='par_1_4' title="bbox 110 381 1074 617">
     <span class='ocr_line' id='line_1_4' title="bbox 110 381 1074 438; baseline -0.003 -10"><span class='ocrx_word' id='word_1_10' title='bbox 110 401 127 431; x_wconf 78' lang='grc' dir='ltr'><strong>ι</strong></span> <span class='ocrx_word' id='word_1_11' title='bbox 164 386 402 434; x_wconf 81' lang='lat' dir='ltr'><em>Nominatus</em></span> <span class='ocrx_word' id='word_1_12' title='bbox 415 384 461 438; x_wconf 84' lang='lat' dir='ltr'><em>si</em></span> <span class='ocrx_word' id='word_1_13' title='bbox 468 396 541 424; x_wconf 89' lang='lat' dir='ltr'><em>non</em></span> <span class='ocrx_word' id='word_1_14' title='bbox 553 383 740 426; x_wconf 80' lang='lat' dir='ltr'><em>exhibeat</em></span> <span class='ocrx_word' id='word_1_15' title='bbox 760 381 1074 425; x_wconf 68' lang='lat' dir='ltr'><em>Instrumentum</em></span> 
     </span>
     <span class='ocr_line' id='line_1_5' title="bbox 177 443 1071 502; baseline -0.007 -13"><span class='ocrx_word' id='word_1_16' title='bbox 177 449 260 502; x_wconf 71' lang='lat' dir='ltr'><em>susc</em></span> <span class='ocrx_word' id='word_1_17' title='bbox 283 443 559 487; x_wconf 79' lang='lat' dir='ltr'><em>nominationis</em></span> <span class='ocrx_word' id='word_1_18' title='bbox 586 444 699 485; x_wconf 71' lang='lat' dir='ltr'><em>intra</em></span> <span class='ocrx_word' id='word_1_19' title='bbox 719 443 929 486; x_wconf 84' lang='lat' dir='ltr'><em>terminum</em></span> <span class='ocrx_word' id='word_1_20' title='bbox 933 443 1071 496; x_wconf 84' lang='lat' dir='ltr'><em>statu-</em></span> 
     </span>
     <span class='ocr_line' id='line_1_6' title="bbox 191 504 1072 558; baseline -0.002 -10"><span class='ocrx_word' id='word_1_21' title='bbox 191 521 278 551; x_wconf 82' lang='lat' dir='ltr'><em>tunt</em></span> <span class='ocrx_word' id='word_1_22' title='bbox 293 519 424 547; x_wconf 85' lang='lat' dir='ltr'><em>coram</em></span> <span class='ocrx_word' id='word_1_23' title='bbox 436 504 649 547; x_wconf 81' lang='lat' dir='ltr'><em>ordinario</em></span> <span class='ocrx_word' id='word_1_24' title='bbox 663 532 676 553; x_wconf 92' lang='lat'><em>,</em></span> <span class='ocrx_word' id='word_1_25' title='bbox 693 518 746 546; x_wconf 90' lang='lat' dir='ltr'><em>an</em></span> <span class='ocrx_word' id='word_1_26' title='bbox 760 505 891 558; x_wconf 85' lang='lat' dir='ltr'><em>causet</em></span> <span class='ocrx_word' id='word_1_27' title='bbox 905 505 1072 546; x_wconf 88' lang='lat' dir='ltr'><em>devolu-</em></span> 
     </span>
     <span class='ocr_line' id='line_1_7' title="bbox 186 564 1071 617; baseline -0.003 -7"><span class='ocrx_word' id='word_1_28' title='bbox 186 567 334 610; x_wconf 69' lang='lat' dir='ltr'><em>tionem</em></span> <span class='ocrx_word' id='word_1_29' title='bbox 349 593 363 614; x_wconf 89' lang='lat'><em>,</em></span> <span class='ocrx_word' id='word_1_30' title='bbox 377 564 661 617; x_wconf 71' lang='lat' dir='ltr'><em>&amp;prejudicet</em></span> <span class='ocrx_word' id='word_1_31' title='bbox 672 570 843 606; x_wconf 82' lang='lat' dir='ltr'><em>Patrono</em></span> <span class='ocrx_word' id='word_1_32' title='bbox 859 594 871 606; x_wconf 87' lang='lat'><strong>.</strong></span> <span class='ocrx_word' id='word_1_33' title='bbox 890 568 931 608; x_wconf 80' lang='grc' dir='ltr'><em>δε</em></span> <span class='ocrx_word' id='word_1_34' title='bbox 947 579 1015 607; x_wconf 84' lang='lat' dir='ltr'><em>nu.</em></span> <span class='ocrx_word' id='word_1_35' title='bbox 1029 578 1071 617; x_wconf 89' lang='lat'><em>3.</em></span> 
     </span>
    </p>

    <p class='ocr_par' dir='ltr' id='par_1_5' title="bbox 115 623 1073 805">
     <span class='ocr_line' id='line_1_8' title="bbox 115 623 1073 680; baseline -0.007 -7"><span class='ocrx_word' id='word_1_36' title='bbox 115 643 136 673; x_wconf 79' lang='lat'>2</span> <span class='ocrx_word' id='word_1_37' title='bbox 169 634 340 672; x_wconf 85' lang='lat' dir='ltr'><em>Patrono</em></span> <span class='ocrx_word' id='word_1_38' title='bbox 355 625 534 678; x_wconf 86' lang='lat' dir='ltr'><em>competit</em></span> <span class='ocrx_word' id='word_1_39' title='bbox 549 638 678 666; x_wconf 82' lang='lat' dir='ltr'><em>novus</em></span> <span class='ocrx_word' id='word_1_40' title='bbox 693 623 889 665; x_wconf 85' lang='lat' dir='ltr'><em>terminus</em></span> <span class='ocrx_word' id='word_1_41' title='bbox 906 626 962 665; x_wconf 89' lang='lat' dir='ltr'><em>ad</em></span> <span class='ocrx_word' id='word_1_42' title='bbox 968 638 1073 680; x_wconf 59' lang='lat' dir='ltr'><em>prae-</em></span> 
     </span>
     <span class='ocr_line' id='line_1_9' title="bbox 178 686 1071 744; baseline 0.001 -17"><span class='ocrx_word' id='word_1_43' title='bbox 178 686 421 744; x_wconf 76' lang='lat' dir='ltr'><em>stntandum</em></span> <span class='ocrx_word' id='word_1_44' title='bbox 437 712 453 733; x_wconf 92' lang='lat'><em>,</em></span> <span class='ocrx_word' id='word_1_45' title='bbox 470 687 516 741; x_wconf 82' lang='lat' dir='ltr'><em>st</em></span> <span class='ocrx_word' id='word_1_46' title='bbox 527 686 791 737; x_wconf 74' lang='lat' dir='ltr'><em>Praescntatus</em></span> <span class='ocrx_word' id='word_1_47' title='bbox 806 698 881 725; x_wconf 88' lang='lat' dir='ltr'><em>non</em></span> <span class='ocrx_word' id='word_1_48' title='bbox 897 697 1071 740; x_wconf 79' lang='lat' dir='ltr'><em>acceptet</em></span> 
     </span>
     <span class='ocr_line' id='line_1_10' title="bbox 180 744 1071 805; baseline -0.001 -17"><span class='ocrx_word' id='word_1_49' title='bbox 180 745 517 805; x_wconf 73' lang='lat' dir='ltr'><em>presentationem</em></span> <span class='ocrx_word' id='word_1_50' title='bbox 534 772 549 794; x_wconf 92' lang='lat'><em>,</em></span> <span class='ocrx_word' id='word_1_51' title='bbox 568 755 639 786; x_wconf 89' lang='lat' dir='ltr'><em>aut</em></span> <span class='ocrx_word' id='word_1_52' title='bbox 651 744 737 786; x_wconf 88' lang='lat' dir='ltr'><em>huic</em></span> <span class='ocrx_word' id='word_1_53' title='bbox 757 745 956 787; x_wconf 81' lang='lat' dir='ltr'><em>renunciet</em></span> <span class='ocrx_word' id='word_1_54' title='bbox 969 773 983 794; x_wconf 94' lang='lat'><em>,</em></span> <span class='ocrx_word' id='word_1_55' title='bbox 997 755 1071 788; x_wconf 83' lang='lat' dir='ltr'><em>aut</em></span> 
     </span>
    </p>

    <p class='ocr_par' dir='ltr' id='par_1_6' title="bbox 143 804 1073 924">
     <span class='ocr_line' id='line_1_11' title="bbox 143 804 1073 860; baseline -0.002 -10"><span class='ocrx_word' id='word_1_56' title='bbox 143 828 147 838; x_wconf 67' lang='lat'><em>³</em></span> <span class='ocrx_word' id='word_1_57' title='bbox 188 809 263 850; x_wconf 74' lang='lat' dir='ltr'><em>hec</em></span> <span class='ocrx_word' id='word_1_58' title='bbox 279 806 544 854; x_wconf 84' lang='lat' dir='ltr'><em>invalidetur,</em></span> <span class='ocrx_word' id='word_1_59' title='bbox 559 806 670 848; x_wconf 62' lang='lat' dir='ltr'><em>intra*</em></span> <span class='ocrx_word' id='word_1_60' title='bbox 684 804 983 860; x_wconf 72' lang='lat' dir='ltr'><em>quadrimestre,</em></span> <span class='ocrx_word' id='word_1_61' title='bbox 999 805 1073 848; x_wconf 82' lang='lat' dir='ltr'><em>vel</em></span> 
     </span>
     <span class='ocr_line' id='line_1_12' title="bbox 177 865 888 924; baseline -0.004 -15"><span class='ocrx_word' id='word_1_62' title='bbox 177 866 389 924; x_wconf 75' lang='lat' dir='ltr'><em>sernestre3</em></span> <span class='ocrx_word' id='word_1_63' title='bbox 411 870 453 922; x_wconf 70' lang='lat' dir='ltr'><em>&amp;c</em></span> <span class='ocrx_word' id='word_1_64' title='bbox 469 879 599 923; x_wconf 81' lang='lat' dir='ltr'><em>quare</em></span> <span class='ocrx_word' id='word_1_65' title='bbox 617 865 716 908; x_wconf 90' lang='lat' dir='ltr'><em>vide</em></span> <span class='ocrx_word' id='word_1_66' title='bbox 733 878 888 914; x_wconf 86' lang='lat' dir='ltr'><em>num.5.</em></span> 
     </span>
    </p>

    <p class='ocr_par' dir='ltr' id='par_1_7' title="bbox 106 925 1072 1152">
     <span class='ocr_line' id='line_1_13' title="bbox 106 925 1072 984; baseline -0.005 -12"><span class='ocrx_word' id='word_1_67' title='bbox 106 943 128 984; x_wconf 89' lang='lat'><em>3</em></span> <span class='ocrx_word' id='word_1_68' title='bbox 163 933 363 972; x_wconf 81' lang='lat' dir='ltr'><em>Patronus</em></span> <span class='ocrx_word' id='word_1_69' title='bbox 379 929 424 983; x_wconf 82' lang='lat' dir='ltr'><em>fi</em></span> <span class='ocrx_word' id='word_1_70' title='bbox 439 925 571 979; x_wconf 72' lang='lat' dir='ltr'><em>solum</em></span> <span class='ocrx_word' id='word_1_71' title='bbox 587 928 775 981; x_wconf 85' lang='lat' dir='ltr'><em>consignet</em></span> <span class='ocrx_word' id='word_1_72' title='bbox 797 925 991 967; x_wconf 88' lang='lat' dir='ltr'><em>nominato</em></span> <span class='ocrx_word' id='word_1_73' title='bbox 1007 929 1072 967; x_wconf 85' lang='lat' dir='ltr'><em>In-</em></span> 
     </span>
     <span class='ocr_line' id='line_1_14' title="bbox 177 985 1070 1043; baseline -0.002 -15"><span class='ocrx_word' id='word_1_74' title='bbox 177 986 531 1043; x_wconf 78' lang='lat' dir='ltr'><em>strumentumsuae</em></span> <span class='ocrx_word' id='word_1_75' title='bbox 557 985 833 1027; x_wconf 81' lang='lat' dir='ltr'><em>nominationis</em></span> <span class='ocrx_word' id='word_1_76' title='bbox 845 1013 859 1034; x_wconf 91' lang='lat'><em>,</em></span> <span class='ocrx_word' id='word_1_77' title='bbox 877 998 1070 1042; x_wconf 86' lang='lat' dir='ltr'><em>quantum</em></span> 
     </span>
     <span class='ocr_line' id='line_1_15' title="bbox 186 1045 1070 1102; baseline -0.001 -11"><span class='ocrx_word' id='word_1_78' title='bbox 186 1050 230 1091; x_wconf 87' lang='lat' dir='ltr'><em>in</em></span> <span class='ocrx_word' id='word_1_79' title='bbox 237 1050 285 1102; x_wconf 86' lang='lat' dir='ltr'><em>se</em></span> <span class='ocrx_word' id='word_1_80' title='bbox 301 1060 376 1088; x_wconf 88' lang='lat' dir='ltr'><em>non</em></span> <span class='ocrx_word' id='word_1_81' title='bbox 390 1045 537 1087; x_wconf 86' lang='lat' dir='ltr'><em>dicitur</em></span> <span class='ocrx_word' id='word_1_82' title='bbox 539 1046 683 1101; x_wconf 72' lang='lat' dir='ltr'><em>facere</em></span> <span class='ocrx_word' id='word_1_83' title='bbox 695 1074 713 1095; x_wconf 83' lang='lat'><em>,</em></span> <span class='ocrx_word' id='word_1_84' title='bbox 741 1047 846 1101; x_wconf 84' lang='lat' dir='ltr'><em>quod</em></span> <span class='ocrx_word' id='word_1_85' title='bbox 847 1046 991 1100; x_wconf 82' lang='lat' dir='ltr'><em>facere</em></span> <span class='ocrx_word' id='word_1_86' title='bbox 1007 1058 1070 1090; x_wconf 87' lang='lat' dir='ltr'><em>te-</em></span> 
     </span>
     <span class='ocr_line' id='line_1_16' title="bbox 191 1109 391 1152; baseline -0.02 0"><span class='ocrx_word' id='word_1_87' title='bbox 191 1109 362 1152; x_wconf 85' lang='lat' dir='ltr'><em>nebatur</em></span> <span class='ocrx_word' id='word_1_88' title='bbox 378 1137 391 1149; x_wconf 92' lang='lat'>.</span> 
     </span>
    </p>

    <p class='ocr_par' dir='ltr' id='par_1_8' title="bbox 102 1167 1070 1346">
     <span class='ocr_line' id='line_1_17' title="bbox 102 1167 1070 1224; baseline 0 -14"><span class='ocrx_word' id='word_1_89' title='bbox 102 1184 133 1224; x_wconf 89' lang='lat'>4</span> <span class='ocrx_word' id='word_1_90' title='bbox 163 1168 393 1215; x_wconf 87' lang='lat' dir='ltr'><em>Nominatio</em></span> <span class='ocrx_word' id='word_1_91' title='bbox 409 1196 423 1217; x_wconf 89' lang='lat'><em>,</em></span> <span class='ocrx_word' id='word_1_92' title='bbox 451 1168 568 1208; x_wconf 85' lang='lat' dir='ltr'><em>donec</em></span> <span class='ocrx_word' id='word_1_93' title='bbox 585 1183 660 1210; x_wconf 88' lang='lat' dir='ltr'><em>non</em></span> <span class='ocrx_word' id='word_1_94' title='bbox 673 1167 912 1209; x_wconf 69' lang='lat' dir='ltr'><em>exhibeatur</em></span> <span class='ocrx_word' id='word_1_95' title='bbox 938 1182 1070 1210; x_wconf 85' lang='lat' dir='ltr'><em>coram</em></span> 
     </span>
     <span class='ocr_line' id='line_1_18' title="bbox 190 1226 1070 1277; baseline -0.001 -4"><span class='ocrx_word' id='word_1_96' title='bbox 190 1231 356 1273; x_wconf 85' lang='lat' dir='ltr'><em>habente</em></span> <span class='ocrx_word' id='word_1_97' title='bbox 380 1226 595 1270; x_wconf 69' lang='lat' dir='ltr'><em>inflituere</em></span> <span class='ocrx_word' id='word_1_98' title='bbox 623 1255 638 1277; x_wconf 86' lang='lat'>‚</span> <span class='ocrx_word' id='word_1_99' title='bbox 668 1242 742 1270; x_wconf 88' lang='lat' dir='ltr'><em>non</em></span> <span class='ocrx_word' id='word_1_100' title='bbox 775 1227 922 1270; x_wconf 84' lang='lat' dir='ltr'><em>dicitur</em></span> <span class='ocrx_word' id='word_1_101' title='bbox 954 1230 1070 1272; x_wconf 69' lang='lat' dir='ltr'><em>aelus</em></span> 
     </span>
     <span class='ocr_line' id='line_1_19' title="bbox 180 1289 409 1346; baseline -0.009 -14"><span class='ocrx_word' id='word_1_102' title='bbox 180 1289 379 1346; x_wconf 73' lang='lat' dir='ltr'><em>petfeHus</em></span> <span class='ocrx_word' id='word_1_103' title='bbox 395 1319 409 1331; x_wconf 91' lang='lat'>.</span> 
     </span>
    </p>

    <p class='ocr_par' dir='ltr' id='par_1_9' title="bbox 100 1348 1070 1587">
     <span class='ocr_line' id='line_1_20' title="bbox 100 1348 1068 1407; baseline -0.001 -14"><span class='ocrx_word' id='word_1_104' title='bbox 100 1355 127 1393; x_wconf 88' lang='lat'>6</span> <span class='ocrx_word' id='word_1_105' title='bbox 158 1352 334 1407; x_wconf 83' lang='lat' dir='ltr'><em>Imposito</em></span> <span class='ocrx_word' id='word_1_106' title='bbox 359 1349 386 1389; x_wconf 63' lang='lat' dir='ltr'><em>a*</em></span> <span class='ocrx_word' id='word_1_107' title='bbox 402 1348 624 1389; x_wconf 85' lang='lat' dir='ltr'><em>Fundatore</em></span> <span class='ocrx_word' id='word_1_108' title='bbox 640 1348 827 1404; x_wconf 88' lang='lat' dir='ltr'><em>Beneficii</em></span> <span class='ocrx_word' id='word_1_109' title='bbox 854 1362 969 1392; x_wconf 87' lang='lat' dir='ltr'><em>onere</em></span> <span class='ocrx_word' id='word_1_110' title='bbox 1000 1366 1068 1392; x_wconf 87' lang='lat' dir='ltr'><em>ca-</em></span> 
     </span>
     <span class='ocr_line' id='line_1_21' title="bbox 184 1408 1069 1467; baseline 0 -14"><span class='ocrx_word' id='word_1_111' title='bbox 184 1409 301 1453; x_wconf 78' lang='lat' dir='ltr'><em>nendi</em></span> <span class='ocrx_word' id='word_1_112' title='bbox 328 1423 448 1450; x_wconf 87' lang='lat' dir='ltr'><em>unam</em></span> <span class='ocrx_word' id='word_1_113' title='bbox 466 1408 625 1467; x_wconf 67' lang='lat' dir='ltr'><em>Adiffc&#39;cm</em></span> <span class='ocrx_word' id='word_1_114' title='bbox 643 1409 818 1465; x_wconf 87' lang='lat' dir='ltr'><em>qualibet</em></span> <span class='ocrx_word' id='word_1_115' title='bbox 833 1409 1069 1453; x_wconf 86' lang='lat' dir='ltr'><em>bebdomada</em></span> 
     </span>
     <span class='ocr_line' id='line_1_22' title="bbox 185 1467 1069 1525; baseline -0.001 -11"><span class='ocrx_word' id='word_1_116' title='bbox 185 1472 228 1514; x_wconf 85' lang='lat' dir='ltr'><em>in</em></span> <span class='ocrx_word' id='word_1_117' title='bbox 245 1469 408 1525; x_wconf 75' lang='lat' dir='ltr'><em>Ecclesia</em></span> <span class='ocrx_word' id='word_1_118' title='bbox 426 1472 472 1511; x_wconf 86' lang='lat' dir='ltr'><em>A.</em></span> <span class='ocrx_word' id='word_1_119' title='bbox 489 1497 503 1517; x_wconf 96' lang='lat'><em>,</em></span> <span class='ocrx_word' id='word_1_120' title='bbox 518 1467 568 1512; x_wconf 66' lang='grc' dir='ltr'><em>ὁ·</em></span> <span class='ocrx_word' id='word_1_121' title='bbox 588 1470 750 1525; x_wconf 82' lang='lat' dir='ltr'><em>Ecclesta</em></span> <span class='ocrx_word' id='word_1_122' title='bbox 768 1474 840 1518; x_wconf 89' lang='lat' dir='ltr'><em>B.,</em></span> <span class='ocrx_word' id='word_1_123' title='bbox 856 1483 910 1510; x_wconf 89' lang='lat' dir='ltr'><em>an</em></span> <span class='ocrx_word' id='word_1_124' title='bbox 925 1473 1069 1514; x_wconf 65' lang='lat' dir='ltr'><em>Refior</em></span> 
     </span>
     <span class='ocr_line' id='line_1_23' title="bbox 177 1529 1070 1587; baseline 0.007 -17"><span class='ocrx_word' id='word_1_125' title='bbox 177 1532 236 1587; x_wconf 84' lang='lat' dir='ltr'><em>fit</em></span> <span class='ocrx_word' id='word_1_126' title='bbox 254 1529 448 1586; x_wconf 89' lang='lat' dir='ltr'><em>obligatus</em></span> <span class='ocrx_word' id='word_1_127' title='bbox 461 1529 518 1569; x_wconf 89' lang='lat' dir='ltr'><em>ad</em></span> <span class='ocrx_word' id='word_1_128' title='bbox 532 1543 649 1570; x_wconf 74' lang='lat' dir='ltr'><em>unam</em></span> <span class='ocrx_word' id='word_1_129' title='bbox 665 1559 678 1578; x_wconf 86' lang='lat'><em>,</em></span> <span class='ocrx_word' id='word_1_130' title='bbox 694 1530 766 1570; x_wconf 85' lang='lat' dir='ltr'><em>vel</em></span> <span class='ocrx_word' id='word_1_131' title='bbox 777 1530 834 1570; x_wconf 87' lang='lat' dir='ltr'><em>ad</em></span> <span class='ocrx_word' id='word_1_132' title='bbox 844 1531 1070 1585; x_wconf 73' lang='lat' dir='ltr'><em>duplicem..-</em></span> 
     </span>
    </p>

    <p class='ocr_par' dir='ltr' id='par_1_10' title="bbox 164 1589 952 1650">
     <span class='ocr_line' id='line_1_24' title="bbox 164 1589 952 1650; baseline 0 -16"><span class='ocrx_word' id='word_1_133' title='bbox 164 1624 167 1626; x_wconf 87' lang='grc'>-</span> <span class='ocrx_word' id='word_1_134' title='bbox 194 1590 370 1650; x_wconf 77' lang='lat' dir='ltr'><em>Mtffam.</em></span> <span class='ocrx_word' id='word_1_135' title='bbox 386 1589 494 1630; x_wconf 85' lang='lat' dir='ltr'><em>Vide</em></span> <span class='ocrx_word' id='word_1_136' title='bbox 507 1589 584 1637; x_wconf 92' lang='lat' dir='ltr'><em>ibi,</em></span> <span class='ocrx_word' id='word_1_137' title='bbox 597 1593 635 1633; x_wconf 80' lang='grc' dir='ltr'><em>δι</em></span> <span class='ocrx_word' id='word_1_138' title='bbox 653 1602 809 1640; x_wconf 84' lang='lat' dir='ltr'><em>num.7.</em></span> <span class='ocrx_word' id='word_1_139' title='bbox 825 1593 864 1634; x_wconf 89' lang='lat'>&amp;</span> <span class='ocrx_word' id='word_1_140' title='bbox 886 1605 952 1634; x_wconf 79' lang='grc' dir='ltr'><em>ιο.</em></span> 
     </span>
    </p>

    <p class='ocr_par' dir='ltr' id='par_1_11' title="bbox 100 1647 745 1703">
     <span class='ocr_line' id='line_1_25' title="bbox 100 1647 745 1703; baseline -0.002 -11"><span class='ocrx_word' id='word_1_141' title='bbox 100 1655 125 1696; x_wconf 80' lang='lat'><strong>8</strong></span> <span class='ocrx_word' id='word_1_142' title='bbox 173 1650 305 1696; x_wconf 70' lang='lat' dir='ltr'><em>flictio</em></span> <span class='ocrx_word' id='word_1_143' title='bbox 336 1653 377 1693; x_wconf 89' lang='lat'>&amp;</span> <span class='ocrx_word' id='word_1_144' title='bbox 405 1647 467 1691; x_wconf 71' lang='lat' dir='ltr'><em>eft</em></span> <span class='ocrx_word' id='word_1_145' title='bbox 489 1649 719 1703; x_wconf 83' lang='lat' dir='ltr'><em>copulativa</em></span> <span class='ocrx_word' id='word_1_146' title='bbox 733 1679 745 1691; x_wconf 89' lang='lat'><strong>.</strong></span> 
     </span>
    </p>

    <p class='ocr_par' dir='ltr' id='par_1_12' title="bbox 112 1708 1071 1881">
     <span class='ocr_line' id='line_1_26' title="bbox 112 1708 1071 1767; baseline 0 -13"><span class='ocrx_word' id='word_1_147' title='bbox 112 1727 138 1764; x_wconf 84' lang='lat'>9</span> <span class='ocrx_word' id='word_1_148' title='bbox 170 1715 216 1754; x_wconf 88' lang='lat' dir='ltr'><em>In</em></span> <span class='ocrx_word' id='word_1_149' title='bbox 231 1710 342 1753; x_wconf 87' lang='lat' dir='ltr'><em>dubio</em></span> <span class='ocrx_word' id='word_1_150' title='bbox 355 1708 546 1763; x_wconf 83' lang='lat' dir='ltr'><em>facienda</em></span> <span class='ocrx_word' id='word_1_151' title='bbox 571 1709 624 1762; x_wconf 88' lang='lat' dir='ltr'><em>est</em></span> <span class='ocrx_word' id='word_1_152' title='bbox 651 1709 930 1765; x_wconf 77' lang='lat' dir='ltr'><em>interpretatio</em></span> <span class='ocrx_word' id='word_1_153' title='bbox 941 1712 1071 1767; x_wconf 84' lang='lat' dir='ltr'><em>potius</em></span> 
     </span>
     <span class='ocr_line' id='line_1_27' title="bbox 181 1769 1069 1826; baseline 0.005 -14"><span class='ocrx_word' id='word_1_154' title='bbox 181 1769 428 1826; x_wconf 69' lang='lat' dir='ltr'><em>favorabilis</em></span> <span class='ocrx_word' id='word_1_155' title='bbox 441 1797 455 1817; x_wconf 88' lang='lat'><em>,</em></span> <span class='ocrx_word' id='word_1_156' title='bbox 468 1783 589 1825; x_wconf 79' lang='lat' dir='ltr'><em>quarn</em></span> <span class='ocrx_word' id='word_1_157' title='bbox 606 1771 887 1824; x_wconf 67' lang='lat' dir='ltr'><em>praejudicialis</em></span> <span class='ocrx_word' id='word_1_158' title='bbox 903 1773 1069 1817; x_wconf 75' lang='lat' dir='ltr'><em>Anima-</em></span> 
     </span>
     <span class='ocr_line' id='line_1_28' title="bbox 186 1822 538 1881; baseline -0.011 -8"><span class='ocrx_word' id='word_1_159' title='bbox 186 1831 257 1873; x_wconf 68' lang='lat' dir='ltr'><em>bat</em></span> <span class='ocrx_word' id='word_1_160' title='bbox 266 1822 512 1881; x_wconf 73' lang='lat' dir='ltr'><em>Testatorum</em></span> <span class='ocrx_word' id='word_1_161' title='bbox 525 1857 538 1869; x_wconf 91' lang='lat'><strong>.</strong></span> 
     </span>
    </p>
   </div>
   <div class='ocr_carea' id='block_1_5' title="bbox 271 1916 863 1961">
    <p class='ocr_par' dir='ltr' id='par_1_13' title="bbox 271 1916 863 1961">
     <span class='ocr_line' id='line_1_29' title="bbox 271 1916 863 1961; baseline 0 -2"><span class='ocrx_word' id='word_1_162' title='bbox 271 1916 863 1961; x_wconf 79' lang='lat' dir='ltr'><strong>CASUSIII.</strong></span> 
     </span>
    </p>
   </div>
   <div class='ocr_carea' id='block_1_6' title="bbox 66 2007 1070 2059">
    <p class='ocr_par' dir='ltr' id='par_1_14' title="bbox 66 2007 1070 2059">
     <span class='ocr_line' id='line_1_30' title="bbox 66 2007 1070 2059; baseline -0.003 -5"><span class='ocrx_word' id='word_1_163' title='bbox 66 2030 67 2034; x_wconf 46' lang='lat'>¹</span> <span class='ocrx_word' id='word_1_164' title='bbox 129 2012 171 2054; x_wconf 86' lang='lat' dir='ltr'>N</span> <span class='ocrx_word' id='word_1_165' title='bbox 193 2010 334 2053; x_wconf 84' lang='lat' dir='ltr'><em>limine</em></span> <span class='ocrx_word' id='word_1_166' title='bbox 354 2008 619 2053; x_wconf 84' lang='lat' dir='ltr'><em>fundationis</em></span> <span class='ocrx_word' id='word_1_167' title='bbox 635 2007 847 2059; x_wconf 84' lang='lat' dir='ltr'><em>cujusdam</em></span> <span class='ocrx_word' id='word_1_168' title='bbox 869 2007 1070 2051; x_wconf 82' lang='lat' dir='ltr'><em>Beneficii</em></span> 
     </span>
    </p>
   </div>
   <div class='ocr_carea' id='block_1_7' title="bbox 123 2067 1069 3386">
    <p class='ocr_par' dir='ltr' id='par_1_15' title="bbox 123 2067 1069 2654">
     <span class='ocr_line' id='line_1_31' title="bbox 157 2067 1067 2128; baseline -0.003 -16"><span class='ocrx_word' id='word_1_169' title='bbox 157 2071 394 2114; x_wconf 85' lang='lat' dir='ltr'><em>Patronalis</em></span> <span class='ocrx_word' id='word_1_170' title='bbox 425 2071 592 2128; x_wconf 85' lang='lat' dir='ltr'><em>pinguis</em></span> <span class='ocrx_word' id='word_1_171' title='bbox 610 2068 805 2111; x_wconf 82' lang='lat' dir='ltr'><em>redditus</em></span> <span class='ocrx_word' id='word_1_172' title='bbox 823 2067 903 2110; x_wconf 86' lang='lat' dir='ltr'><em>fuit</em></span> <span class='ocrx_word' id='word_1_173' title='bbox 921 2070 943 2111; x_wconf 77' lang='lat' dir='ltr'><em>a</em></span> <span class='ocrx_word' id='word_1_174' title='bbox 959 2071 1067 2110; x_wconf 85' lang='lat' dir='ltr'><em>Fun-</em></span> 
     </span>
     <span class='ocr_line' id='line_1_32' title="bbox 125 2128 1069 2185; baseline 0.001 -13"><span class='ocrx_word' id='word_1_175' title='bbox 125 2131 275 2175; x_wconf 89' lang='lat' dir='ltr'><em>datore</em></span> <span class='ocrx_word' id='word_1_176' title='bbox 294 2129 530 2185; x_wconf 83' lang='lat' dir='ltr'><em>impositum</em></span> <span class='ocrx_word' id='word_1_177' title='bbox 555 2129 723 2173; x_wconf 69' lang='lat' dir='ltr'><em>Reaori</em></span> <span class='ocrx_word' id='word_1_178' title='bbox 754 2143 861 2171; x_wconf 86' lang='lat' dir='ltr'><em>onus</em></span> <span class='ocrx_word' id='word_1_179' title='bbox 887 2128 1069 2173; x_wconf 83' lang='lat' dir='ltr'><em>canendi</em></span> 
     </span>
     <span class='ocr_line' id='line_1_33' title="bbox 127 2188 1068 2247; baseline -0.003 -14"><span class='ocrx_word' id='word_1_180' title='bbox 127 2191 173 2233; x_wconf 86' lang='lat' dir='ltr'><em>in</em></span> <span class='ocrx_word' id='word_1_181' title='bbox 206 2203 451 2247; x_wconf 87' lang='lat' dir='ltr'><em>perpetuum</em></span> <span class='ocrx_word' id='word_1_182' title='bbox 482 2192 523 2231; x_wconf 90' lang='lat' dir='ltr'><em>in</em></span> <span class='ocrx_word' id='word_1_183' title='bbox 541 2188 721 2231; x_wconf 87' lang='lat' dir='ltr'><em>Ecclesia</em></span> <span class='ocrx_word' id='word_1_184' title='bbox 740 2190 792 2232; x_wconf 86' lang='lat' dir='ltr'><em>A.</em></span> <span class='ocrx_word' id='word_1_185' title='bbox 811 2218 824 2238; x_wconf 89' lang='lat'>‚</span> <span class='ocrx_word' id='word_1_186' title='bbox 860 2193 899 2233; x_wconf 77' lang='grc' dir='ltr'><em>δι</em></span> <span class='ocrx_word' id='word_1_187' title='bbox 917 2189 1068 2231; x_wconf 85' lang='lat' dir='ltr'><em>Eccle-</em></span> 
     </span>
     <span class='ocr_line' id='line_1_34' title="bbox 129 2247 1066 2307; baseline 0 -15"><span class='ocrx_word' id='word_1_188' title='bbox 129 2249 182 2293; x_wconf 83' lang='lat' dir='ltr'><em>fia</em></span> <span class='ocrx_word' id='word_1_189' title='bbox 211 2254 257 2294; x_wconf 89' lang='grc' dir='ltr'><em>Β.</em></span> <span class='ocrx_word' id='word_1_190' title='bbox 292 2264 410 2293; x_wconf 88' lang='lat' dir='ltr'><em>unam</em></span> <span class='ocrx_word' id='word_1_191' title='bbox 430 2247 588 2292; x_wconf 78' lang='lat' dir='ltr'><em>Missam</em></span> <span class='ocrx_word' id='word_1_192' title='bbox 619 2251 672 2291; x_wconf 89' lang='lat' dir='ltr'><em>de</em></span> <span class='ocrx_word' id='word_1_193' title='bbox 686 2250 850 2307; x_wconf 88' lang='lat' dir='ltr'><em>Requie</em></span> <span class='ocrx_word' id='word_1_194' title='bbox 873 2249 1066 2307; x_wconf 85' lang='lat' dir='ltr'><em>qualibet</em></span> 
     </span>
     <span class='ocr_line' id='line_1_35' title="bbox 126 2307 1063 2361; baseline -0.001 -8"><span class='ocrx_word' id='word_1_195' title='bbox 126 2311 408 2355; x_wconf 84' lang='lat' dir='ltr'><em>hebdomada;</em></span> <span class='ocrx_word' id='word_1_196' title='bbox 425 2323 574 2353; x_wconf 87' lang='lat' dir='ltr'><em>vacato</em></span> <span class='ocrx_word' id='word_1_197' title='bbox 591 2307 1063 2361; x_wconf 80' lang='lat' dir='ltr'><em>hujusmodiBeneficio,</em></span> 
     </span>
     <span class='ocr_line' id='line_1_36' title="bbox 123 2369 1066 2428; baseline -0.001 -15"><span class='ocrx_word' id='word_1_198' title='bbox 123 2369 264 2414; x_wconf 86' lang='lat' dir='ltr'><em>mense</em></span> <span class='ocrx_word' id='word_1_199' title='bbox 281 2371 470 2428; x_wconf 74' lang='lat' dir='ltr'><em>proxime</em></span> <span class='ocrx_word' id='word_1_200' title='bbox 484 2371 697 2426; x_wconf 77' lang='lat' dir='ltr'><em>praeterito</em></span> <span class='ocrx_word' id='word_1_201' title='bbox 716 2398 730 2418; x_wconf 93' lang='lat'><em>,</em></span> <span class='ocrx_word' id='word_1_202' title='bbox 768 2372 1066 2413; x_wconf 79' lang='lat' dir='ltr'><em>Patronusno-</em></span> 
     </span>
     <span class='ocr_line' id='line_1_37' title="bbox 129 2429 1066 2487; baseline -0.002 -14"><span class='ocrx_word' id='word_1_203' title='bbox 129 2431 303 2474; x_wconf 87' lang='lat' dir='ltr'><em>minavit</em></span> <span class='ocrx_word' id='word_1_204' title='bbox 319 2431 371 2472; x_wconf 90' lang='lat' dir='ltr'><em>ad</em></span> <span class='ocrx_word' id='word_1_205' title='bbox 404 2431 511 2473; x_wconf 87' lang='lat' dir='ltr'><em>illud</em></span> <span class='ocrx_word' id='word_1_206' title='bbox 531 2429 755 2487; x_wconf 77' lang='lat' dir='ltr'>quemdam</span> <span class='ocrx_word' id='word_1_207' title='bbox 774 2431 1066 2479; x_wconf 86' lang='lat' dir='ltr'><em>Sacerdotem,</em></span> 
     </span>
     <span class='ocr_line' id='line_1_38' title="bbox 134 2490 1067 2546; baseline -0.004 -12"><span class='ocrx_word' id='word_1_208' title='bbox 134 2492 200 2534; x_wconf 87' lang='lat' dir='ltr'><em>cui</em></span> <span class='ocrx_word' id='word_1_209' title='bbox 233 2490 495 2546; x_wconf 78' lang='lat' dir='ltr'><em>consignavit</em></span> <span class='ocrx_word' id='word_1_210' title='bbox 525 2490 840 2533; x_wconf 86' lang='lat' dir='ltr'><em>Instrumentum</em></span> <span class='ocrx_word' id='word_1_211' title='bbox 875 2492 1067 2532; x_wconf 83' lang='lat' dir='ltr'><em>nomina-</em></span> 
     </span>
     <span class='ocr_line' id='line_1_39' title="bbox 133 2551 1064 2599; baseline 0 -7"><span class='ocrx_word' id='word_1_212' title='bbox 133 2553 294 2599; x_wconf 68' lang='lat' dir='ltr'><em>tionis,</em></span> <span class='ocrx_word' id='word_1_213' title='bbox 322 2553 394 2594; x_wconf 87' lang='lat' dir='ltr'><em>iste</em></span> <span class='ocrx_word' id='word_1_214' title='bbox 420 2562 557 2592; x_wconf 88' lang='lat' dir='ltr'><em>autem</em></span> <span class='ocrx_word' id='word_1_215' title='bbox 590 2551 797 2593; x_wconf 84' lang='lat' dir='ltr'><em>Sacerdos</em></span> <span class='ocrx_word' id='word_1_216' title='bbox 825 2552 1064 2593; x_wconf 89' lang='lat' dir='ltr'><em>nominatus</em></span> 
     </span>
     <span class='ocr_line' id='line_1_40' title="bbox 128 2610 1066 2654; baseline 0.002 -2"><span class='ocrx_word' id='word_1_217' title='bbox 128 2612 280 2653; x_wconf 68' lang='lat' dir='ltr'><em>distum</em></span> <span class='ocrx_word' id='word_1_218' title='bbox 302 2612 616 2653; x_wconf 85' lang='lat' dir='ltr'><em>Instrumentum</em></span> <span class='ocrx_word' id='word_1_219' title='bbox 637 2624 720 2652; x_wconf 90' lang='lat' dir='ltr'><em>non</em></span> <span class='ocrx_word' id='word_1_220' title='bbox 745 2611 935 2654; x_wconf 85' lang='lat' dir='ltr'><em>exhibuit</em></span> <span class='ocrx_word' id='word_1_221' title='bbox 952 2610 1066 2654; x_wconf 66' lang='lat' dir='ltr'><em>intra</em></span> 
     </span>
    </p>

    <p class='ocr_par' dir='ltr' id='par_1_16' title="bbox 130 2671 1067 2787">
     <span class='ocr_line' id='line_1_41' title="bbox 165 2671 1063 2728; baseline 0.001 -16"><span class='ocrx_word' id='word_1_222' title='bbox 165 2672 427 2714; x_wconf 82' lang='lat' dir='ltr'><em>uadrimestre</em></span> <span class='ocrx_word' id='word_1_223' title='bbox 445 2685 583 2714; x_wconf 89' lang='lat' dir='ltr'><em>coram</em></span> <span class='ocrx_word' id='word_1_224' title='bbox 606 2671 833 2713; x_wconf 77' lang='lat' dir='ltr'><em>Ordinatio</em></span> <span class='ocrx_word' id='word_1_225' title='bbox 851 2688 861 2716; x_wconf 72' lang='grc' dir='ltr'>ς</span> <span class='ocrx_word' id='word_1_226' title='bbox 895 2685 947 2712; x_wconf 89' lang='lat' dir='ltr'><em>eo</em></span> <span class='ocrx_word' id='word_1_227' title='bbox 962 2671 1063 2728; x_wconf 81' lang='lat' dir='ltr'><em>quia</em></span> 
     </span>
     <span class='ocr_line' id='line_1_42' title="bbox 130 2687 1067 2787; baseline -0.002 -14"><span class='ocrx_word' id='word_1_228' title='bbox 130 2687 284 2774; x_wconf 54' lang='lat' dir='ltr'><em>sciebat</em></span> <span class='ocrx_word' id='word_1_229' title='bbox 297 2733 574 2774; x_wconf 86' lang='lat' dir='ltr'><em>intentionem</em></span> <span class='ocrx_word' id='word_1_230' title='bbox 589 2730 784 2787; x_wconf 84' lang='lat' dir='ltr'><em>Episcopi</em></span> <span class='ocrx_word' id='word_1_231' title='bbox 801 2729 878 2774; x_wconf 80' lang='lat' dir='ltr'><em>esse</em></span> <span class='ocrx_word' id='word_1_232' title='bbox 896 2731 1067 2774; x_wconf 83' lang='lat' dir='ltr'><em>adstrin-</em></span> 
     </span>
    </p>

    <p class='ocr_par' dir='ltr' id='par_1_17' title="bbox 128 2789 1068 3386">
     <span class='ocr_line' id='line_1_43' title="bbox 165 2789 1066 2846; baseline -0.002 -12"><span class='ocrx_word' id='word_1_233' title='bbox 165 2805 233 2834; x_wconf 89' lang='lat' dir='ltr'><em>ere</em></span> <span class='ocrx_word' id='word_1_234' title='bbox 247 2806 340 2834; x_wconf 87' lang='lat' dir='ltr'><em>cum</em></span> <span class='ocrx_word' id='word_1_235' title='bbox 357 2793 408 2835; x_wconf 87' lang='lat' dir='ltr'><em>ad</em></span> <span class='ocrx_word' id='word_1_236' title='bbox 424 2793 756 2834; x_wconf 86' lang='lat' dir='ltr'><em>celebrationem</em></span> <span class='ocrx_word' id='word_1_237' title='bbox 770 2792 949 2846; x_wconf 90' lang='lat' dir='ltr'><em>duplicis</em></span> <span class='ocrx_word' id='word_1_238' title='bbox 965 2789 1066 2834; x_wconf 80' lang='lat' dir='ltr'><em>Mis-</em></span> 
     </span>
     <span class='ocr_line' id='line_1_44' title="bbox 145 2852 1064 2910; baseline 0 -17"><span class='ocrx_word' id='word_1_239' title='bbox 145 2865 176 2893; x_wconf 81' lang='lat' dir='ltr'>ae</span> <span class='ocrx_word' id='word_1_240' title='bbox 202 2864 379 2895; x_wconf 82' lang='lat' dir='ltr'><em>cantatae</em></span> <span class='ocrx_word' id='word_1_241' title='bbox 407 2853 460 2895; x_wconf 92' lang='lat' dir='ltr'><em>de</em></span> <span class='ocrx_word' id='word_1_242' title='bbox 477 2852 640 2910; x_wconf 89' lang='lat' dir='ltr'><em>Requie</em></span> <span class='ocrx_word' id='word_1_243' title='bbox 670 2852 865 2909; x_wconf 88' lang='lat' dir='ltr'><em>qualibet</em></span> <span class='ocrx_word' id='word_1_244' title='bbox 895 2852 1064 2894; x_wconf 88' lang='lat' dir='ltr'><em>hebdo-</em></span> 
     </span>
     <span class='ocr_line' id='line_1_45' title="bbox 128 2910 1065 2962; baseline 0 -8"><span class='ocrx_word' id='word_1_245' title='bbox 128 2912 250 2955; x_wconf 90' lang='lat' dir='ltr'><em>mada</em></span> <span class='ocrx_word' id='word_1_246' title='bbox 264 2940 278 2962; x_wconf 94' lang='lat'><em>,</em></span> <span class='ocrx_word' id='word_1_247' title='bbox 297 2913 419 2954; x_wconf 85' lang='lat' dir='ltr'><em>unius</em></span> <span class='ocrx_word' id='word_1_248' title='bbox 435 2911 595 2954; x_wconf 83' lang='lat' dir='ltr'><em>scilicet</em></span> <span class='ocrx_word' id='word_1_249' title='bbox 614 2913 654 2953; x_wconf 89' lang='lat' dir='ltr'><em>in</em></span> <span class='ocrx_word' id='word_1_250' title='bbox 668 2910 850 2955; x_wconf 77' lang='lat' dir='ltr'><em>Ecclesia</em></span> <span class='ocrx_word' id='word_1_251' title='bbox 863 2911 929 2960; x_wconf 68' lang='lat' dir='ltr'><em>A„</em></span> <span class='ocrx_word' id='word_1_252' title='bbox 946 2915 984 2954; x_wconf 92' lang='lat'>&amp;</span> <span class='ocrx_word' id='word_1_253' title='bbox 1001 2912 1065 2954; x_wconf 88' lang='lat' dir='ltr'><em>al-</em></span> 
     </span>
     <span class='ocr_line' id='line_1_46' title="bbox 128 2970 1064 3030; baseline 0 -16"><span class='ocrx_word' id='word_1_254' title='bbox 128 2973 259 3014; x_wconf 85' lang='lat' dir='ltr'><em>terius</em></span> <span class='ocrx_word' id='word_1_255' title='bbox 276 2974 316 3014; x_wconf 90' lang='lat' dir='ltr'><em>in</em></span> <span class='ocrx_word' id='word_1_256' title='bbox 335 2971 515 3015; x_wconf 76' lang='lat' dir='ltr'><em>Ecclesia</em></span> <span class='ocrx_word' id='word_1_257' title='bbox 530 2974 574 3014; x_wconf 90' lang='lat' dir='ltr'><em>B.</em></span> <span class='ocrx_word' id='word_1_258' title='bbox 594 2999 608 3021; x_wconf 91' lang='lat'><em>,</em></span> <span class='ocrx_word' id='word_1_259' title='bbox 630 2972 681 3013; x_wconf 89' lang='lat' dir='ltr'><em>acl</em></span> <span class='ocrx_word' id='word_1_260' title='bbox 700 2987 824 3030; x_wconf 88' lang='lat' dir='ltr'><em>quam</em></span> <span class='ocrx_word' id='word_1_261' title='bbox 843 2970 882 3013; x_wconf 91' lang='lat' dir='ltr'><em>se</em></span> <span class='ocrx_word' id='word_1_262' title='bbox 899 2972 1064 3030; x_wconf 82' lang='lat' dir='ltr'><em>exlege</em></span> 
     </span>
     <span class='ocr_line' id='line_1_47' title="bbox 130 3029 1067 3075; baseline 0 -1"><span class='ocrx_word' id='word_1_263' title='bbox 130 3030 391 3075; x_wconf 86' lang='lat' dir='ltr'><em>fundationis</em></span> <span class='ocrx_word' id='word_1_264' title='bbox 421 3033 651 3075; x_wconf 68' lang='lat' dir='ltr'><em>adstrictum</em></span> <span class='ocrx_word' id='word_1_265' title='bbox 671 3046 755 3074; x_wconf 91' lang='lat' dir='ltr'><em>non</em></span> <span class='ocrx_word' id='word_1_266' title='bbox 774 3029 853 3074; x_wconf 79' lang='lat' dir='ltr'><em>esse</em></span> <span class='ocrx_word' id='word_1_267' title='bbox 869 3032 1067 3074; x_wconf 89' lang='lat' dir='ltr'><em>intende-</em></span> 
     </span>
     <span class='ocr_line' id='line_1_48' title="bbox 129 3089 928 3150; baseline -0.003 -15"><span class='ocrx_word' id='word_1_268' title='bbox 129 3092 200 3135; x_wconf 86' lang='lat' dir='ltr'><em>bat</em></span> <span class='ocrx_word' id='word_1_269' title='bbox 217 3109 228 3138; x_wconf 69' lang='grc' dir='ltr'>ς</span> <span class='ocrx_word' id='word_1_270' title='bbox 245 3094 443 3150; x_wconf 86' lang='lat' dir='ltr'><em>quaeritur</em></span> <span class='ocrx_word' id='word_1_271' title='bbox 456 3094 635 3149; x_wconf 89' lang='lat' dir='ltr'><em>proinde</em></span> <span class='ocrx_word' id='word_1_272' title='bbox 652 3094 693 3135; x_wconf 91' lang='lat' dir='ltr'><em>in</em></span> <span class='ocrx_word' id='word_1_273' title='bbox 711 3094 791 3134; x_wconf 81' lang='lat' dir='ltr'><em>hoc</em></span> <span class='ocrx_word' id='word_1_274' title='bbox 809 3089 928 3134; x_wconf 79' lang='lat' dir='ltr'><em>casu:</em></span> 
     </span>
     <span class='ocr_line' id='line_1_49' title="bbox 191 3150 1068 3208; baseline -0.001 -15"><span class='ocrx_word' id='word_1_275' title='bbox 191 3153 328 3195; x_wconf 85' lang='lat' dir='ltr'><em>Primo</em></span> <span class='ocrx_word' id='word_1_276' title='bbox 356 3178 397 3187; x_wconf 91' lang='lat'><em>--</em></span> <span class='ocrx_word' id='word_1_277' title='bbox 430 3158 489 3195; x_wconf 90' lang='lat' dir='ltr'><em>An</em></span> <span class='ocrx_word' id='word_1_278' title='bbox 511 3153 683 3208; x_wconf 82' lang='lat' dir='ltr'><em>provisio</em></span> <span class='ocrx_word' id='word_1_279' title='bbox 710 3151 809 3194; x_wconf 61' lang='lat' dir='ltr'><em>dieti</em></span> <span class='ocrx_word' id='word_1_280' title='bbox 823 3150 1007 3207; x_wconf 86' lang='lat' dir='ltr'><em>Beneficii</em></span> <span class='ocrx_word' id='word_1_281' title='bbox 1019 3152 1068 3192; x_wconf 84' lang='lat' dir='ltr'><em>li-</em></span> 
     </span>
     <span class='ocr_line' id='line_1_50' title="bbox 135 3213 1068 3268; baseline -0.003 -13"><span class='ocrx_word' id='word_1_282' title='bbox 135 3213 226 3255; x_wconf 62' lang='lat' dir='ltr'><em>bere*</em></span> <span class='ocrx_word' id='word_1_283' title='bbox 241 3214 487 3254; x_wconf 80' lang='lat' dir='ltr'><em>devolvatur</em></span> <span class='ocrx_word' id='word_1_284' title='bbox 511 3215 567 3254; x_wconf 88' lang='lat' dir='ltr'><em>ad</em></span> <span class='ocrx_word' id='word_1_285' title='bbox 582 3213 797 3267; x_wconf 70' lang='lat' dir='ltr'><em>Fpiscopum</em></span> <span class='ocrx_word' id='word_1_286' title='bbox 814 3241 828 3261; x_wconf 90' lang='lat'><em>,</em></span> <span class='ocrx_word' id='word_1_287' title='bbox 858 3213 929 3253; x_wconf 80' lang='lat' dir='ltr'><em>vel</em></span> <span class='ocrx_word' id='word_1_288' title='bbox 934 3213 1068 3268; x_wconf 85' lang='lat' dir='ltr'><em>potius</em></span> 
     </span>
     <span class='ocr_line' id='line_1_51' title="bbox 132 3272 888 3327; baseline -0.001 -13"><span class='ocrx_word' id='word_1_289' title='bbox 132 3277 303 3314; x_wconf 84' lang='lat' dir='ltr'><em>Patrono</em></span> <span class='ocrx_word' id='word_1_290' title='bbox 318 3283 508 3327; x_wconf 83' lang='lat' dir='ltr'><em>competat</em></span> <span class='ocrx_word' id='word_1_291' title='bbox 526 3288 652 3315; x_wconf 84' lang='lat' dir='ltr'><em>novus</em></span> <span class='ocrx_word' id='word_1_292' title='bbox 668 3272 862 3314; x_wconf 83' lang='lat' dir='ltr'><em>terminus</em></span> <span class='ocrx_word' id='word_1_293' title='bbox 876 3301 888 3313; x_wconf 91' lang='grc'><strong>.</strong></span> 
     </span>
     <span class='ocr_line' id='line_1_52' title="bbox 190 3333 1066 3386; baseline -0.002 -12"><span class='ocrx_word' id='word_1_294' title='bbox 190 3333 385 3375; x_wconf 83' lang='lat' dir='ltr'><em>Secundo</em></span> <span class='ocrx_word' id='word_1_295' title='bbox 418 3359 459 3367; x_wconf 92' lang='lat'><em>--</em></span> <span class='ocrx_word' id='word_1_296' title='bbox 491 3339 551 3375; x_wconf 87' lang='lat' dir='ltr'><em>An</em></span> <span class='ocrx_word' id='word_1_297' title='bbox 579 3333 721 3376; x_wconf 70' lang='lat' dir='ltr'><em>Reli&#39;or</em></span> <span class='ocrx_word' id='word_1_298' title='bbox 752 3333 922 3386; x_wconf 74' lang='lat' dir='ltr'><em>ejusdem</em></span> <span class='ocrx_word' id='word_1_299' title='bbox 942 3335 1066 3373; x_wconf 86' lang='lat' dir='ltr'><em>Bene-</em></span> 
     </span>
    </p>
   </div>
   <div class='ocr_carea' id='block_1_8' title="bbox 116 3392 1068 3510">
    <p class='ocr_par' dir='ltr' id='par_1_18' title="bbox 116 3392 1068 3510">
     <span class='ocr_line' id='line_1_53' title="bbox 116 3392 1068 3449; baseline 0.007 -19"><span class='ocrx_word' id='word_1_300' title='bbox 116 3392 210 3448; x_wconf 78' lang='lat' dir='ltr'><em>ficii</em></span> <span class='ocrx_word' id='word_1_301' title='bbox 240 3404 423 3435; x_wconf 83' lang='lat' dir='ltr'><em>teneatur</em></span> <span class='ocrx_word' id='word_1_302' title='bbox 443 3394 499 3436; x_wconf 88' lang='lat' dir='ltr'><em>ad</em></span> <span class='ocrx_word' id='word_1_303' title='bbox 511 3409 627 3436; x_wconf 82' lang='lat' dir='ltr'><em>unam</em></span> <span class='ocrx_word' id='word_1_304' title='bbox 644 3421 658 3444; x_wconf 85' lang='lat'><em>,</em></span> <span class='ocrx_word' id='word_1_305' title='bbox 689 3394 762 3436; x_wconf 85' lang='lat' dir='ltr'><em>vel</em></span> <span class='ocrx_word' id='word_1_306' title='bbox 773 3395 828 3435; x_wconf 89' lang='lat' dir='ltr'><em>ad</em></span> <span class='ocrx_word' id='word_1_307' title='bbox 839 3393 1068 3449; x_wconf 73' lang='lat' dir='ltr'><em>duplicem-.-</em></span> 
     </span>
     <span class='ocr_line' id='line_1_54' title="bbox 127 3452 318 3510; baseline -0.005 -15"><span class='ocrx_word' id='word_1_308' title='bbox 127 3452 318 3510; x_wconf 65' lang='lat' dir='ltr'><em>stliffizm?</em></span> 
     </span>
    </p>
   </div>
   <div class='ocr_carea' id='block_1_9' title="bbox 2052 181 2124 242">
    <p class='ocr_par' dir='ltr' id='par_1_19' title="bbox 2052 181 2124 242">
     <span class='ocr_line' id='line_1_55' title="bbox 2052 181 2124 242; baseline 0 0"><span class='ocrx_word' id='word_1_309' title='bbox 2052 181 2124 242; x_wconf 84' lang='lat'><em>15</em></span> 
     </span>
    </p>
   </div>
   <div class='ocr_carea' id='block_1_10' title="bbox 1171 264 2136 3451">
    <p class='ocr_par' dir='ltr' id='par_1_20' title="bbox 1178 264 2136 1348">
     <span class='ocr_line' id='line_1_56' title="bbox 1253 264 2134 323; baseline 0.006 -18"><span class='ocrx_word' id='word_1_310' title='bbox 1253 264 1324 305; x_wconf 91' lang='lat' dir='ltr'><em>Ad</em></span> <span class='ocrx_word' id='word_1_311' title='bbox 1359 266 1539 308; x_wconf 86' lang='lat' dir='ltr'><em>Primum</em></span> <span class='ocrx_word' id='word_1_312' title='bbox 1585 265 1923 323; x_wconf 88' lang='lat' dir='ltr'><em>respondendum</em></span> <span class='ocrx_word' id='word_1_313' title='bbox 1960 269 2134 312; x_wconf 87' lang='lat' dir='ltr'><em>videtur</em></span> 
     </span>
     <span class='ocr_line' id='line_1_57' title="bbox 1193 322 2134 380; baseline 0.007 -16"><span class='ocrx_word' id='word_1_314' title='bbox 1193 322 1476 380; x_wconf 77' lang='lat' dir='ltr'><em>provisionem</em></span> <span class='ocrx_word' id='word_1_315' title='bbox 1494 324 1694 369; x_wconf 86' lang='lat' dir='ltr'><em>Beneficii</em></span> <span class='ocrx_word' id='word_1_316' title='bbox 1713 329 1754 370; x_wconf 91' lang='lat' dir='ltr'><em>in</em></span> <span class='ocrx_word' id='word_1_317' title='bbox 1784 328 1867 371; x_wconf 88' lang='lat' dir='ltr'><em>hoc</em></span> <span class='ocrx_word' id='word_1_318' title='bbox 1897 326 1990 371; x_wconf 89' lang='lat' dir='ltr'><em>casu</em></span> <span class='ocrx_word' id='word_1_319' title='bbox 2018 343 2134 372; x_wconf 69' lang='lat' dir='ltr'><em>non-a</em></span> 
     </span>
     <span class='ocr_line' id='line_1_58' title="bbox 1193 384 2136 444; baseline 0.007 -19"><span class='ocrx_word' id='word_1_320' title='bbox 1193 384 1367 427; x_wconf 88' lang='lat' dir='ltr'><em>devolvi</em></span> <span class='ocrx_word' id='word_1_321' title='bbox 1386 386 1523 429; x_wconf 74' lang='lat' dir='ltr'><em>libere</em></span> <span class='ocrx_word' id='word_1_322' title='bbox 1542 387 1594 428; x_wconf 88' lang='lat' dir='ltr'><em>ad</em></span> <span class='ocrx_word' id='word_1_323' title='bbox 1610 385 1879 444; x_wconf 85' lang='lat' dir='ltr'><em>Episcopum,</em></span> <span class='ocrx_word' id='word_1_324' title='bbox 1898 387 1968 431; x_wconf 91' lang='lat' dir='ltr'><em>sed</em></span> <span class='ocrx_word' id='word_1_325' title='bbox 1988 391 2136 432; x_wconf 86' lang='lat' dir='ltr'><em>Patro-</em></span> 
     </span>
     <span class='ocr_line' id='line_1_59' title="bbox 1192 450 2131 505; baseline 0.009 -20"><span class='ocrx_word' id='word_1_326' title='bbox 1192 457 1249 486; x_wconf 90' lang='lat' dir='ltr'><em>no</em></span> <span class='ocrx_word' id='word_1_327' title='bbox 1264 458 1510 501; x_wconf 88' lang='lat' dir='ltr'><em>competere</em></span> <span class='ocrx_word' id='word_1_328' title='bbox 1528 461 1681 490; x_wconf 91' lang='lat' dir='ltr'><em>novum</em></span> <span class='ocrx_word' id='word_1_329' title='bbox 1711 450 1933 491; x_wconf 88' lang='lat' dir='ltr'><em>terminum</em></span> <span class='ocrx_word' id='word_1_330' title='bbox 1956 450 2008 490; x_wconf 90' lang='lat' dir='ltr'><em>ad</em></span> <span class='ocrx_word' id='word_1_331' title='bbox 2023 464 2131 505; x_wconf 84' lang='lat' dir='ltr'><em>prae-</em></span> 
     </span>
     <span class='ocr_line' id='line_1_60' title="bbox 1192 501 2130 564; baseline 0.006 -19"><span class='ocrx_word' id='word_1_332' title='bbox 1192 501 1437 548; x_wconf 87' lang='lat' dir='ltr'><em>sentandum</em></span> <span class='ocrx_word' id='word_1_333' title='bbox 1457 523 1468 551; x_wconf 71' lang='grc' dir='ltr'><strong>ς</strong></span> <span class='ocrx_word' id='word_1_334' title='bbox 1495 508 1595 564; x_wconf 88' lang='lat' dir='ltr'><em>quia</em></span> <span class='ocrx_word' id='word_1_335' title='bbox 1624 508 1888 564; x_wconf 82' lang='lat' dir='ltr'><em>negligentia</em></span> <span class='ocrx_word' id='word_1_336' title='bbox 1906 509 2130 552; x_wconf 87' lang='lat' dir='ltr'><em>Nominati</em></span> 
     </span>
     <span class='ocr_line' id='line_1_61' title="bbox 1191 564 2134 611; baseline 0.006 -6"><span class='ocrx_word' id='word_1_337' title='bbox 1191 564 1236 605; x_wconf 89' lang='lat' dir='ltr'><em>in</em></span> <span class='ocrx_word' id='word_1_338' title='bbox 1257 566 1500 609; x_wconf 88' lang='lat' dir='ltr'><em>exhibendo</em></span> <span class='ocrx_word' id='word_1_339' title='bbox 1515 567 1832 611; x_wconf 86' lang='lat' dir='ltr'><em>Instrumentum</em></span> <span class='ocrx_word' id='word_1_340' title='bbox 1851 566 1926 610; x_wconf 87' lang='lat' dir='ltr'><em>suae</em></span> <span class='ocrx_word' id='word_1_341' title='bbox 1943 571 2134 611; x_wconf 87' lang='lat' dir='ltr'><em>nomina-</em></span> 
     </span>
     <span class='ocr_line' id='line_1_62' title="bbox 1197 626 2134 687; baseline 0.005 -21"><span class='ocrx_word' id='word_1_342' title='bbox 1197 626 1328 668; x_wconf 86' lang='lat' dir='ltr'><em>tionis</em></span> <span class='ocrx_word' id='word_1_343' title='bbox 1361 641 1502 670; x_wconf 87' lang='lat' dir='ltr'><em>coram</em></span> <span class='ocrx_word' id='word_1_344' title='bbox 1518 628 1747 671; x_wconf 76' lang='lat' dir='ltr'><em>Ordinatio</em></span> <span class='ocrx_word' id='word_1_345' title='bbox 1766 627 1872 672; x_wconf 73' lang='lat' dir='ltr'><em>intra</em></span> <span class='ocrx_word' id='word_1_346' title='bbox 1890 629 2134 687; x_wconf 87' lang='lat' dir='ltr'><em>quadrime-</em></span> 
     </span>
     <span class='ocr_line' id='line_1_63' title="bbox 1190 684 2132 737; baseline 0.005 -11"><span class='ocrx_word' id='word_1_347' title='bbox 1190 684 1269 727; x_wconf 87' lang='lat' dir='ltr'><em>stre</em></span> <span class='ocrx_word' id='word_1_348' title='bbox 1287 685 1452 729; x_wconf 82' lang='lat' dir='ltr'><em>causare</em></span> <span class='ocrx_word' id='word_1_349' title='bbox 1470 702 1554 731; x_wconf 92' lang='lat' dir='ltr'><em>non</em></span> <span class='ocrx_word' id='word_1_350' title='bbox 1572 688 1701 731; x_wconf 86' lang='lat' dir='ltr'><em>debet</em></span> <span class='ocrx_word' id='word_1_351' title='bbox 1726 688 2050 732; x_wconf 88' lang='lat' dir='ltr'><em>devolutionem</em></span> <span class='ocrx_word' id='word_1_352' title='bbox 2065 692 2132 737; x_wconf 90' lang='lat'><em>,&amp;</em></span> 
     </span>
     <span class='ocr_line' id='line_1_64' title="bbox 1190 746 2131 807; baseline 0.004 -20"><span class='ocrx_word' id='word_1_353' title='bbox 1190 746 1464 801; x_wconf 71' lang='lat' dir='ltr'><em>praejudicare</em></span> <span class='ocrx_word' id='word_1_354' title='bbox 1488 750 1673 792; x_wconf 87' lang='lat' dir='ltr'><em>Patrono</em></span> <span class='ocrx_word' id='word_1_355' title='bbox 1689 776 1702 796; x_wconf 86' lang='lat'>‚</span> <span class='ocrx_word' id='word_1_356' title='bbox 1732 750 1806 807; x_wconf 81' lang='lat' dir='ltr'><em>qui</em></span> <span class='ocrx_word' id='word_1_357' title='bbox 1836 751 1878 790; x_wconf 90' lang='lat' dir='ltr'><em>in</em></span> <span class='ocrx_word' id='word_1_358' title='bbox 1909 748 2131 807; x_wconf 85' lang='lat' dir='ltr'><em>consigna-</em></span> 
     </span>
     <span class='ocr_line' id='line_1_65' title="bbox 1189 806 2132 852; baseline 0.003 -5"><span class='ocrx_word' id='word_1_359' title='bbox 1189 806 1308 848; x_wconf 90' lang='lat' dir='ltr'><em>tione</em></span> <span class='ocrx_word' id='word_1_360' title='bbox 1335 807 1433 851; x_wconf 67' lang='lat' dir='ltr'><em>dieti</em></span> <span class='ocrx_word' id='word_1_361' title='bbox 1455 809 1718 852; x_wconf 86' lang='lat' dir='ltr'><em>Instrumenti</em></span> <span class='ocrx_word' id='word_1_362' title='bbox 1747 822 1881 852; x_wconf 89' lang='lat' dir='ltr'><em>totam</em></span> <span class='ocrx_word' id='word_1_363' title='bbox 1914 807 2041 851; x_wconf 89' lang='lat' dir='ltr'><em>fidem</em></span> <span class='ocrx_word' id='word_1_364' title='bbox 2057 809 2132 850; x_wconf 84' lang='lat' dir='ltr'><em>ha-</em></span> 
     </span>
     <span class='ocr_line' id='line_1_66' title="bbox 1193 865 2131 924; baseline 0.002 -17"><span class='ocrx_word' id='word_1_365' title='bbox 1193 865 1284 908; x_wconf 88' lang='lat' dir='ltr'><em>buit</em></span> <span class='ocrx_word' id='word_1_366' title='bbox 1305 868 1347 909; x_wconf 91' lang='lat' dir='ltr'><em>in</em></span> <span class='ocrx_word' id='word_1_367' title='bbox 1380 866 1471 924; x_wconf 88' lang='lat' dir='ltr'><em>ipso</em></span> <span class='ocrx_word' id='word_1_368' title='bbox 1490 870 1728 912; x_wconf 88' lang='lat' dir='ltr'><em>Nominato</em></span> <span class='ocrx_word' id='word_1_369' title='bbox 1756 869 1993 911; x_wconf 87' lang='lat' dir='ltr'><em>existimans</em></span> <span class='ocrx_word' id='word_1_370' title='bbox 2006 881 2131 911; x_wconf 69' lang='lat' dir='ltr'><em>eum.»</em></span> 
     </span>
     <span class='ocr_line' id='line_1_67' title="bbox 1191 926 2132 988; baseline 0.002 -21"><span class='ocrx_word' id='word_1_371' title='bbox 1191 926 1443 983; x_wconf 86' lang='lat' dir='ltr'><em>diligentem</em></span> <span class='ocrx_word' id='word_1_372' title='bbox 1472 930 1515 970; x_wconf 88' lang='lat' dir='ltr'><em>in</em></span> <span class='ocrx_word' id='word_1_373' title='bbox 1532 926 1832 988; x_wconf 87' lang='lat' dir='ltr'><em>prosequendo</em></span> <span class='ocrx_word' id='word_1_374' title='bbox 1855 928 1964 971; x_wconf 88' lang='lat' dir='ltr'><em>suam</em></span> <span class='ocrx_word' id='word_1_375' title='bbox 1993 929 2132 972; x_wconf 88' lang='lat' dir='ltr'><em>nomi-</em></span> 
     </span>
     <span class='ocr_line' id='line_1_68' title="bbox 1190 988 2129 1036; baseline 0.002 -10"><span class='ocrx_word' id='word_1_376' title='bbox 1190 989 1406 1030; x_wconf 87' lang='lat' dir='ltr'><em>nationem</em></span> <span class='ocrx_word' id='word_1_377' title='bbox 1424 1017 1438 1036; x_wconf 86' lang='lat'><em>,</em></span> <span class='ocrx_word' id='word_1_378' title='bbox 1456 1001 1500 1030; x_wconf 91' lang='lat' dir='ltr'><em>ut</em></span> <span class='ocrx_word' id='word_1_379' title='bbox 1515 991 1624 1032; x_wconf 90' lang='lat' dir='ltr'><em>tueri</em></span> <span class='ocrx_word' id='word_1_380' title='bbox 1641 991 1808 1032; x_wconf 89' lang='lat' dir='ltr'><em>videtur</em></span> <span class='ocrx_word' id='word_1_381' title='bbox 1823 995 1947 1032; x_wconf 84' lang='lat' dir='ltr'><em>Perez</em></span> <span class='ocrx_word' id='word_1_382' title='bbox 1960 993 2064 1030; x_wconf 81' lang='lat' dir='ltr'><em>Lara</em></span> <span class='ocrx_word' id='word_1_383' title='bbox 2080 988 2129 1028; x_wconf 89' lang='lat' dir='ltr'><em>de</em></span> 
     </span>
     <span class='ocr_line' id='line_1_69' title="bbox 1190 1046 2130 1103; baseline 0.001 -16"><span class='ocrx_word' id='word_1_384' title='bbox 1190 1046 1406 1099; x_wconf 68' lang='lat' dir='ltr'><em>Annivetfi</em></span> <span class='ocrx_word' id='word_1_385' title='bbox 1418 1048 1467 1092; x_wconf 58' lang='grc' dir='ltr'><em>(θ’</em></span> <span class='ocrx_word' id='word_1_386' title='bbox 1482 1051 1652 1103; x_wconf 83' lang='lat' dir='ltr'><em>Coppell.</em></span> <span class='ocrx_word' id='word_1_387' title='bbox 1668 1050 1734 1092; x_wconf 89' lang='lat' dir='ltr'><em>lib.</em></span> <span class='ocrx_word' id='word_1_388' title='bbox 1751 1063 1788 1090; x_wconf 87' lang='lat'><em>2.</em></span> <span class='ocrx_word' id='word_1_389' title='bbox 1806 1062 1888 1103; x_wconf 87' lang='lat' dir='ltr'><em>cap.</em></span> <span class='ocrx_word' id='word_1_390' title='bbox 1902 1064 1942 1100; x_wconf 76' lang='grc' dir='ltr'><em>ι).</em></span> <span class='ocrx_word' id='word_1_391' title='bbox 1959 1061 2130 1098; x_wconf 65' lang='lat' dir='ltr'><em>num-5„</em></span> 
     </span>
     <span class='ocr_line' id='line_1_70' title="bbox 1190 1105 2132 1162; baseline 0 -14"><span class='ocrx_word' id='word_1_392' title='bbox 1190 1105 1250 1148; x_wconf 87' lang='lat' dir='ltr'><em>ibi</em></span> <span class='ocrx_word' id='word_1_393' title='bbox 1280 1131 1323 1140; x_wconf 87' lang='lat'><em>·-</em></span> <span class='ocrx_word' id='word_1_394' title='bbox 1353 1107 1394 1147; x_wconf 84' lang='lat' dir='ltr'><em>si</em></span> <span class='ocrx_word' id='word_1_395' title='bbox 1410 1118 1543 1150; x_wconf 87' lang='lat' dir='ltr'><em>tamen</em></span> <span class='ocrx_word' id='word_1_396' title='bbox 1562 1111 1820 1162; x_wconf 85' lang='lat' dir='ltr'><em>praesentatus</em></span> <span class='ocrx_word' id='word_1_397' title='bbox 1835 1110 1862 1150; x_wconf 72' lang='lat' dir='ltr'><em>d</em></span> <span class='ocrx_word' id='word_1_398' title='bbox 1876 1114 2044 1151; x_wconf 80' lang='lat' dir='ltr'><em>Patrono</em></span> <span class='ocrx_word' id='word_1_399' title='bbox 2057 1122 2132 1154; x_wconf 83' lang='lat' dir='ltr'><em>non</em></span> 
     </span>
     <span class='ocr_line' id='line_1_71' title="bbox 1181 1167 2133 1223; baseline 0.004 -17"><span class='ocrx_word' id='word_1_400' title='bbox 1181 1167 1448 1221; x_wconf 78' lang='lat' dir='ltr'><em>profiquatur</em></span> <span class='ocrx_word' id='word_1_401' title='bbox 1470 1168 1810 1223; x_wconf 61' lang='lat' dir='ltr'><em>presentationem</em></span> <span class='ocrx_word' id='word_1_402' title='bbox 1821 1198 1835 1216; x_wconf 88' lang='lat'><em>,</em></span> <span class='ocrx_word' id='word_1_403' title='bbox 1862 1181 1905 1211; x_wconf 89' lang='lat' dir='ltr'><em>ut</em></span> <span class='ocrx_word' id='word_1_404' title='bbox 1922 1168 2133 1221; x_wconf 79' lang='lat' dir='ltr'><em>institutio-</em></span> 
     </span>
     <span class='ocr_line' id='line_1_72' title="bbox 1189 1228 2131 1282; baseline 0.001 -15"><span class='ocrx_word' id='word_1_405' title='bbox 1189 1241 1278 1268; x_wconf 86' lang='lat' dir='ltr'><em>nem</em></span> <span class='ocrx_word' id='word_1_406' title='bbox 1306 1228 1495 1275; x_wconf 88' lang='lat' dir='ltr'><em>obtineat,</em></span> <span class='ocrx_word' id='word_1_407' title='bbox 1508 1229 1659 1282; x_wconf 82' lang='lat' dir='ltr'><em>poterit</em></span> <span class='ocrx_word' id='word_1_408' title='bbox 1679 1234 1876 1270; x_wconf 78' lang='lat' dir='ltr'><em>Patronus</em></span> <span class='ocrx_word' id='word_1_409' title='bbox 1896 1228 2016 1269; x_wconf 84' lang='lat' dir='ltr'><em>alium</em></span> <span class='ocrx_word' id='word_1_410' title='bbox 2026 1240 2131 1282; x_wconf 68' lang='lat' dir='ltr'><em>prce-</em></span> 
     </span>
     <span class='ocr_line' id='line_1_73' title="bbox 1178 1287 2129 1348; baseline 0.002 -22"><span class='ocrx_word' id='word_1_411' title='bbox 1178 1287 1346 1340; x_wconf 89' lang='lat' dir='ltr'><em>sentare</em></span> <span class='ocrx_word' id='word_1_412' title='bbox 1361 1315 1375 1336; x_wconf 91' lang='lat'><em>,</em></span> <span class='ocrx_word' id='word_1_413' title='bbox 1390 1289 1511 1330; x_wconf 84' lang='lat' dir='ltr'><em>etiam</em></span> <span class='ocrx_word' id='word_1_414' title='bbox 1524 1290 1629 1344; x_wconf 85' lang='lat' dir='ltr'><em>quod</em></span> <span class='ocrx_word' id='word_1_415' title='bbox 1639 1289 1786 1344; x_wconf 87' lang='lat' dir='ltr'><em>lapsum</em></span> <span class='ocrx_word' id='word_1_416' title='bbox 1795 1289 1884 1348; x_wconf 77' lang='lat' dir='ltr'><em>effit</em></span> <span class='ocrx_word' id='word_1_417' title='bbox 1900 1290 2129 1343; x_wconf 83' lang='lat' dir='ltr'><em>quadrime-</em></span> 
     </span>
    </p>

    <p class='ocr_par' dir='ltr' id='par_1_21' title="bbox 1175 1347 2131 1524">
     <span class='ocr_line' id='line_1_74' title="bbox 1175 1347 2131 1404; baseline 0.002 -18"><span class='ocrx_word' id='word_1_418' title='bbox 1175 1347 1266 1400; x_wconf 85' lang='lat' dir='ltr'><em>stre</em></span> <span class='ocrx_word' id='word_1_419' title='bbox 1283 1376 1295 1396; x_wconf 90' lang='lat'><em>,</em></span> <span class='ocrx_word' id='word_1_420' title='bbox 1311 1349 1384 1390; x_wconf 85' lang='lat' dir='ltr'><em>vel</em></span> <span class='ocrx_word' id='word_1_421' title='bbox 1384 1349 1574 1402; x_wconf 87' lang='lat' dir='ltr'><em>semestre</em></span> <span class='ocrx_word' id='word_1_422' title='bbox 1588 1377 1602 1399; x_wconf 90' lang='lat'><em>,</em></span> <span class='ocrx_word' id='word_1_423' title='bbox 1618 1353 1713 1404; x_wconf 79' lang='lat' dir='ltr'><em>quia</em></span> <span class='ocrx_word' id='word_1_424' title='bbox 1735 1349 1857 1391; x_wconf 83' lang='lat' dir='ltr'><em>alteri</em></span> <span class='ocrx_word' id='word_1_425' title='bbox 1871 1361 1943 1402; x_wconf 83' lang='lat' dir='ltr'><em>per</em></span> <span class='ocrx_word' id='word_1_426' title='bbox 1957 1349 2131 1389; x_wconf 82' lang='lat' dir='ltr'><em>alterum</em></span> 
     </span>
     <span class='ocr_line' id='line_1_75' title="bbox 1186 1408 2129 1466; baseline 0.002 -19"><span class='ocrx_word' id='word_1_427' title='bbox 1186 1421 1262 1448; x_wconf 90' lang='lat' dir='ltr'><em>non</em></span> <span class='ocrx_word' id='word_1_428' title='bbox 1279 1409 1390 1450; x_wconf 88' lang='lat' dir='ltr'><em>debet</em></span> <span class='ocrx_word' id='word_1_429' title='bbox 1403 1409 1540 1466; x_wconf 89' lang='lat' dir='ltr'><em>iniqua</em></span> <span class='ocrx_word' id='word_1_430' title='bbox 1566 1408 1733 1451; x_wconf 83' lang='lat' dir='ltr'><em>conditio</em></span> <span class='ocrx_word' id='word_1_431' title='bbox 1749 1408 1891 1462; x_wconf 84' lang='lat' dir='ltr'><em>inferri</em></span> <span class='ocrx_word' id='word_1_432' title='bbox 1909 1437 1921 1456; x_wconf 91' lang='lat'><em>,</em></span> <span class='ocrx_word' id='word_1_433' title='bbox 1937 1423 2003 1450; x_wconf 91' lang='lat' dir='ltr'><em>nec</em></span> <span class='ocrx_word' id='word_1_434' title='bbox 2015 1409 2129 1450; x_wconf 86' lang='lat' dir='ltr'><em>debet</em></span> 
     </span>
     <span class='ocr_line' id='line_1_76' title="bbox 1187 1467 2039 1524; baseline 0.002 -15"><span class='ocrx_word' id='word_1_435' title='bbox 1187 1467 1426 1524; x_wconf 74' lang='lat' dir='ltr'><em>negligentia</em></span> <span class='ocrx_word' id='word_1_436' title='bbox 1438 1469 1669 1523; x_wconf 81' lang='lat' dir='ltr'><em>praesentati</em></span> <span class='ocrx_word' id='word_1_437' title='bbox 1682 1484 1818 1510; x_wconf 75' lang='lat' dir='ltr'><em>nocere</em></span> <span class='ocrx_word' id='word_1_438' title='bbox 1837 1475 2007 1510; x_wconf 75' lang='lat' dir='ltr'><em>Patrono</em></span> <span class='ocrx_word' id='word_1_439' title='bbox 2027 1498 2039 1511; x_wconf 86' lang='lat'>.</span> 
     </span>
    </p>

    <p class='ocr_par' dir='ltr' id='par_1_22' title="bbox 1184 1526 2134 2901">
     <span class='ocr_line' id='line_1_77' title="bbox 1248 1526 2133 1588; baseline -0.001 -18"><span class='ocrx_word' id='word_1_440' title='bbox 1248 1528 1409 1571; x_wconf 88' lang='lat' dir='ltr'><em>Eodem</em></span> <span class='ocrx_word' id='word_1_441' title='bbox 1428 1530 1558 1572; x_wconf 91' lang='lat' dir='ltr'><em>modo</em></span> <span class='ocrx_word' id='word_1_442' title='bbox 1573 1557 1587 1578; x_wconf 76' lang='lat'><em>,</em></span> <span class='ocrx_word' id='word_1_443' title='bbox 1603 1544 1691 1588; x_wconf 92' lang='lat' dir='ltr'><em>quo</em></span> <span class='ocrx_word' id='word_1_444' title='bbox 1710 1528 1735 1571; x_wconf 84' lang='lat' dir='ltr'>fi</span> <span class='ocrx_word' id='word_1_445' title='bbox 1757 1526 2028 1571; x_wconf 81' lang='lat' dir='ltr'><em>Praesentatus</em></span> <span class='ocrx_word' id='word_1_446' title='bbox 2045 1541 2133 1570; x_wconf 89' lang='lat' dir='ltr'><em>non</em></span> 
     </span>
     <span class='ocr_line' id='line_1_78' title="bbox 1187 1586 2130 1646; baseline -0.002 -15"><span class='ocrx_word' id='word_1_447' title='bbox 1187 1586 1426 1632; x_wconf 85' lang='lat' dir='ltr'><em>consentiat</em></span> <span class='ocrx_word' id='word_1_448' title='bbox 1442 1589 1556 1638; x_wconf 78' lang='lat' dir='ltr'><em>,seu</em></span> <span class='ocrx_word' id='word_1_449' title='bbox 1579 1604 1664 1633; x_wconf 91' lang='lat' dir='ltr'><em>non</em></span> <span class='ocrx_word' id='word_1_450' title='bbox 1691 1603 1884 1646; x_wconf 89' lang='lat' dir='ltr'><em>acceptet</em></span> <span class='ocrx_word' id='word_1_451' title='bbox 1903 1586 2130 1645; x_wconf 76' lang='lat' dir='ltr'><em>praesenta-</em></span> 
     </span>
     <span class='ocr_line' id='line_1_79' title="bbox 1187 1647 2131 1707; baseline -0.001 -16"><span class='ocrx_word' id='word_1_452' title='bbox 1187 1650 1348 1691; x_wconf 87' lang='lat' dir='ltr'><em>tionem</em></span> <span class='ocrx_word' id='word_1_453' title='bbox 1365 1677 1379 1697; x_wconf 89' lang='lat'><em>,</em></span> <span class='ocrx_word' id='word_1_454' title='bbox 1392 1663 1462 1692; x_wconf 90' lang='lat' dir='ltr'><em>aut</em></span> <span class='ocrx_word' id='word_1_455' title='bbox 1481 1651 1699 1693; x_wconf 87' lang='lat' dir='ltr'><em>renunciet</em></span> <span class='ocrx_word' id='word_1_456' title='bbox 1719 1647 2043 1707; x_wconf 77' lang='lat' dir='ltr'><em>praesentationi,</em></span> <span class='ocrx_word' id='word_1_457' title='bbox 2057 1661 2131 1691; x_wconf 85' lang='lat' dir='ltr'><em>aut</em></span> 
     </span>
     <span class='ocr_line' id='line_1_80' title="bbox 1185 1711 2128 1767; baseline -0.003 -15"><span class='ocrx_word' id='word_1_458' title='bbox 1185 1711 1420 1758; x_wconf 82' lang='lat' dir='ltr'><em>moriatur,</em></span> <span class='ocrx_word' id='word_1_459' title='bbox 1445 1724 1543 1752; x_wconf 90' lang='lat' dir='ltr'><em>ante</em></span> <span class='ocrx_word' id='word_1_460' title='bbox 1569 1711 1634 1752; x_wconf 88' lang='lat' dir='ltr'><em>vel</em></span> <span class='ocrx_word' id='word_1_461' title='bbox 1670 1711 1759 1767; x_wconf 88' lang='lat' dir='ltr'><em>post</em></span> <span class='ocrx_word' id='word_1_462' title='bbox 1778 1711 2128 1758; x_wconf 60' lang='lat' dir='ltr'><em>institutionem,</em></span> 
     </span>
     <span class='ocr_line' id='line_1_81' title="bbox 1187 1768 2134 1828; baseline -0.003 -17"><span class='ocrx_word' id='word_1_463' title='bbox 1187 1782 1259 1812; x_wconf 87' lang='lat' dir='ltr'><em>aut</em></span> <span class='ocrx_word' id='word_1_464' title='bbox 1287 1783 1371 1812; x_wconf 89' lang='lat' dir='ltr'><em>non</em></span> <span class='ocrx_word' id='word_1_465' title='bbox 1405 1768 1690 1828; x_wconf 79' lang='lat' dir='ltr'><em>consequatur</em></span> <span class='ocrx_word' id='word_1_466' title='bbox 1728 1771 2035 1813; x_wconf 87' lang='lat' dir='ltr'><em>institutionem</em></span> <span class='ocrx_word' id='word_1_467' title='bbox 2062 1769 2134 1809; x_wconf 71' lang='lat' dir='ltr'><em>in..</em></span> 
     </span>
     <span class='ocr_line' id='line_1_82' title="bbox 1187 1827 2132 1887; baseline -0.004 -14"><span class='ocrx_word' id='word_1_468' title='bbox 1187 1843 1381 1885; x_wconf 87' lang='lat' dir='ltr'><em>tempore</em></span> <span class='ocrx_word' id='word_1_469' title='bbox 1397 1843 1449 1873; x_wconf 87' lang='lat' dir='ltr'><em>ex</em></span> <span class='ocrx_word' id='word_1_470' title='bbox 1465 1832 1586 1886; x_wconf 85' lang='lat' dir='ltr'><em>culpa</em></span> <span class='ocrx_word' id='word_1_471' title='bbox 1603 1832 1874 1880; x_wconf 85' lang='lat' dir='ltr'><em>instituentis,</em></span> <span class='ocrx_word' id='word_1_472' title='bbox 1889 1827 2047 1887; x_wconf 87' lang='lat' dir='ltr'><em>absque</em></span> <span class='ocrx_word' id='word_1_473' title='bbox 2065 1842 2132 1870; x_wconf 90' lang='lat' dir='ltr'><em>ra-</em></span> 
     </span>
     <span class='ocr_line' id='line_1_83' title="bbox 1189 1889 2131 1946; baseline -0.001 -13"><span class='ocrx_word' id='word_1_474' title='bbox 1189 1891 1386 1933; x_wconf 84' lang='lat' dir='ltr'><em>tionabili</em></span> <span class='ocrx_word' id='word_1_475' title='bbox 1398 1889 1517 1933; x_wconf 82' lang='lat' dir='ltr'><em>causa</em></span> <span class='ocrx_word' id='word_1_476' title='bbox 1535 1892 1747 1933; x_wconf 86' lang='lat' dir='ltr'><em>instituere</em></span> <span class='ocrx_word' id='word_1_477' title='bbox 1764 1891 2013 1946; x_wconf 85' lang='lat' dir='ltr'><em>denegantis</em></span> <span class='ocrx_word' id='word_1_478' title='bbox 2028 1918 2042 1938; x_wconf 91' lang='lat'><em>,</em></span> <span class='ocrx_word' id='word_1_479' title='bbox 2059 1902 2131 1932; x_wconf 85' lang='lat' dir='ltr'><em>aut</em></span> 
     </span>
     <span class='ocr_line' id='line_1_84' title="bbox 1188 1948 2134 2006; baseline -0.003 -14"><span class='ocrx_word' id='word_1_480' title='bbox 1188 1950 1448 1992; x_wconf 87' lang='lat' dir='ltr'><em>invalidetur</em></span> <span class='ocrx_word' id='word_1_481' title='bbox 1474 1951 1563 2001; x_wconf 88' lang='lat' dir='ltr'><em>ejus</em></span> <span class='ocrx_word' id='word_1_482' title='bbox 1582 1948 1847 2005; x_wconf 87' lang='lat' dir='ltr'><em>praesentatio</em></span> <span class='ocrx_word' id='word_1_483' title='bbox 1866 1962 2039 2006; x_wconf 88' lang='lat' dir='ltr'><em>propter</em></span> <span class='ocrx_word' id='word_1_484' title='bbox 2057 1948 2134 1990; x_wconf 77' lang='lat' dir='ltr'><em>ali-</em></span> 
     </span>
     <span class='ocr_line' id='line_1_85' title="bbox 1189 2009 2129 2066; baseline 0.001 -16"><span class='ocrx_word' id='word_1_485' title='bbox 1189 2010 1309 2066; x_wconf 88' lang='lat' dir='ltr'><em>quod</em></span> <span class='ocrx_word' id='word_1_486' title='bbox 1333 2010 1545 2051; x_wconf 75' lang='lat' dir='ltr'><em>occultum</em></span> <span class='ocrx_word' id='word_1_487' title='bbox 1577 2013 1735 2052; x_wconf 88' lang='lat' dir='ltr'><em>crimen</em></span> <span class='ocrx_word' id='word_1_488' title='bbox 1762 2011 1871 2052; x_wconf 77' lang='lat' dir='ltr'><em>intra</em></span> <span class='ocrx_word' id='word_1_489' title='bbox 1889 2009 2129 2066; x_wconf 78' lang='lat' dir='ltr'><em>quadrime-</em></span> 
     </span>
     <span class='ocr_line' id='line_1_86' title="bbox 1188 2067 2132 2124; baseline -0.001 -13"><span class='ocrx_word' id='word_1_490' title='bbox 1188 2069 1283 2118; x_wconf 86' lang='lat' dir='ltr'><em>stre,</em></span> <span class='ocrx_word' id='word_1_491' title='bbox 1302 2070 1370 2111; x_wconf 87' lang='lat' dir='ltr'><em>vel</em></span> <span class='ocrx_word' id='word_1_492' title='bbox 1388 2067 1594 2116; x_wconf 86' lang='lat' dir='ltr'><em>semestre,</em></span> <span class='ocrx_word' id='word_1_493' title='bbox 1610 2068 1791 2124; x_wconf 84' lang='lat' dir='ltr'><em>provisio</em></span> <span class='ocrx_word' id='word_1_494' title='bbox 1803 2068 2001 2112; x_wconf 86' lang='lat' dir='ltr'><em>Beneficii</em></span> <span class='ocrx_word' id='word_1_495' title='bbox 2019 2070 2132 2111; x_wconf 88' lang='lat' dir='ltr'><em>libe-</em></span> 
     </span>
     <span class='ocr_line' id='line_1_87' title="bbox 1187 2128 2130 2174; baseline -0.002 -1"><span class='ocrx_word' id='word_1_496' title='bbox 1187 2130 1234 2173; x_wconf 74' lang='lat' dir='ltr'><em>re</em></span> <span class='ocrx_word' id='word_1_497' title='bbox 1267 2144 1350 2172; x_wconf 91' lang='lat' dir='ltr'><em>non</em></span> <span class='ocrx_word' id='word_1_498' title='bbox 1374 2130 1621 2172; x_wconf 85' lang='lat' dir='ltr'><em>devolvitur</em></span> <span class='ocrx_word' id='word_1_499' title='bbox 1649 2130 1700 2171; x_wconf 91' lang='lat' dir='ltr'><em>ad</em></span> <span class='ocrx_word' id='word_1_500' title='bbox 1718 2129 2015 2174; x_wconf 66' lang='lat' dir='ltr'><em>ordinarium</em></span> <span class='ocrx_word' id='word_1_501' title='bbox 2052 2128 2130 2171; x_wconf 90' lang='lat' dir='ltr'><em>n&#39;ec</em></span> 
     </span>
     <span class='ocr_line' id='line_1_88' title="bbox 1185 2186 2132 2247; baseline 0 -16"><span class='ocrx_word' id='word_1_502' title='bbox 1185 2189 1481 2247; x_wconf 78' lang='lat' dir='ltr'><em>praejudicatur</em></span> <span class='ocrx_word' id='word_1_503' title='bbox 1498 2191 1682 2232; x_wconf 82' lang='lat' dir='ltr'><em>Patrono</em></span> <span class='ocrx_word' id='word_1_504' title='bbox 1698 2218 1712 2237; x_wconf 88' lang='lat'><em>,</em></span> <span class='ocrx_word' id='word_1_505' title='bbox 1739 2186 1810 2232; x_wconf 87' lang='lat' dir='ltr'><em>sed</em></span> <span class='ocrx_word' id='word_1_506' title='bbox 1842 2189 1937 2231; x_wconf 86' lang='lat' dir='ltr'><em>huic</em></span> <span class='ocrx_word' id='word_1_507' title='bbox 1957 2202 2132 2244; x_wconf 86' lang='lat' dir='ltr'><em>compe-</em></span> 
     </span>
     <span class='ocr_line' id='line_1_89' title="bbox 1186 2247 2129 2306; baseline 0 -15"><span class='ocrx_word' id='word_1_508' title='bbox 1186 2251 1240 2292; x_wconf 89' lang='lat' dir='ltr'><em>tit</em></span> <span class='ocrx_word' id='word_1_509' title='bbox 1254 2264 1390 2292; x_wconf 85' lang='lat' dir='ltr'><em>novus</em></span> <span class='ocrx_word' id='word_1_510' title='bbox 1410 2251 1612 2293; x_wconf 87' lang='lat' dir='ltr'><em>terminus</em></span> <span class='ocrx_word' id='word_1_511' title='bbox 1630 2250 1680 2292; x_wconf 83' lang='lat' dir='ltr'><em>ad</em></span> <span class='ocrx_word' id='word_1_512' title='bbox 1703 2247 2050 2306; x_wconf 70' lang='lat' dir='ltr'><em>praesentandum,</em></span> <span class='ocrx_word' id='word_1_513' title='bbox 2064 2250 2129 2291; x_wconf 84' lang='lat' dir='ltr'><em>in-</em></span> 
     </span>
     <span class='ocr_line' id='line_1_90' title="bbox 1187 2309 2127 2366; baseline -0.001 -14"><span class='ocrx_word' id='word_1_514' title='bbox 1187 2310 1391 2366; x_wconf 89' lang='lat' dir='ltr'><em>cipiendo</em></span> <span class='ocrx_word' id='word_1_515' title='bbox 1410 2311 1432 2352; x_wconf 76' lang='lat' dir='ltr'><em>a</em></span> <span class='ocrx_word' id='word_1_516' title='bbox 1450 2311 1518 2352; x_wconf 87' lang='lat' dir='ltr'><em>die</em></span> <span class='ocrx_word' id='word_1_517' title='bbox 1536 2324 1621 2353; x_wconf 89' lang='lat' dir='ltr'><em>non</em></span> <span class='ocrx_word' id='word_1_518' title='bbox 1636 2312 1958 2366; x_wconf 87' lang='lat' dir='ltr'><em>acceptationis,</em></span> <span class='ocrx_word' id='word_1_519' title='bbox 1975 2309 2042 2351; x_wconf 89' lang='lat' dir='ltr'><em>vel</em></span> <span class='ocrx_word' id='word_1_520' title='bbox 2059 2323 2127 2351; x_wconf 90' lang='lat' dir='ltr'><em>re-</em></span> 
     </span>
     <span class='ocr_line' id='line_1_91' title="bbox 1186 2368 2130 2419; baseline -0.001 -7"><span class='ocrx_word' id='word_1_521' title='bbox 1186 2371 1471 2413; x_wconf 81' lang='lat' dir='ltr'><em>nunciationis</em></span> <span class='ocrx_word' id='word_1_522' title='bbox 1491 2387 1502 2417; x_wconf 72' lang='grc' dir='ltr'><strong>ς</strong></span> <span class='ocrx_word' id='word_1_523' title='bbox 1522 2371 1589 2414; x_wconf 86' lang='lat' dir='ltr'><em>vel</em></span> <span class='ocrx_word' id='word_1_524' title='bbox 1620 2373 1771 2413; x_wconf 83' lang='lat' dir='ltr'><em>mortis</em></span> <span class='ocrx_word' id='word_1_525' title='bbox 1793 2399 1807 2419; x_wconf 92' lang='lat'><em>,</em></span> <span class='ocrx_word' id='word_1_526' title='bbox 1833 2369 1904 2413; x_wconf 82' lang='lat' dir='ltr'><em>vel</em></span> <span class='ocrx_word' id='word_1_527' title='bbox 1923 2368 2130 2411; x_wconf 87' lang='lat' dir='ltr'><em>invalida-</em></span> 
     </span>
     <span class='ocr_line' id='line_1_92' title="bbox 1184 2428 2128 2487; baseline -0.003 -14"><span class='ocrx_word' id='word_1_528' title='bbox 1184 2432 1314 2473; x_wconf 86' lang='lat' dir='ltr'><em>tionis</em></span> <span class='ocrx_word' id='word_1_529' title='bbox 1334 2429 1516 2480; x_wconf 84' lang='lat' dir='ltr'><em>ejusdem</em></span> <span class='ocrx_word' id='word_1_530' title='bbox 1543 2429 1905 2487; x_wconf 76' lang='lat' dir='ltr'><em>praesentationis3</em></span> <span class='ocrx_word' id='word_1_531' title='bbox 1937 2429 2007 2473; x_wconf 89' lang='lat' dir='ltr'><em>nifi</em></span> <span class='ocrx_word' id='word_1_532' title='bbox 2024 2428 2128 2471; x_wconf 84' lang='lat' dir='ltr'><em>adsit</em></span> 
     </span>
     <span class='ocr_line' id='line_1_93' title="bbox 1185 2487 2125 2548; baseline -0.001 -16"><span class='ocrx_word' id='word_1_533' title='bbox 1185 2491 1328 2548; x_wconf 86' lang='lat' dir='ltr'><em>aliqua</em></span> <span class='ocrx_word' id='word_1_534' title='bbox 1346 2490 1458 2533; x_wconf 88' lang='lat' dir='ltr'><em>fraus</em></span> <span class='ocrx_word' id='word_1_535' title='bbox 1476 2506 1513 2533; x_wconf 93' lang='lat' dir='ltr'><em>e.</em></span> <span class='ocrx_word' id='word_1_536' title='bbox 1533 2506 1574 2547; x_wconf 85' lang='lat' dir='ltr'><em>g.</em></span> <span class='ocrx_word' id='word_1_537' title='bbox 1589 2491 1658 2534; x_wconf 88' lang='lat' dir='ltr'><em>nifi</em></span> <span class='ocrx_word' id='word_1_538' title='bbox 1677 2493 1879 2534; x_wconf 83' lang='lat' dir='ltr'><em>Patronus</em></span> <span class='ocrx_word' id='word_1_539' title='bbox 1902 2487 2125 2546; x_wconf 86' lang='lat' dir='ltr'><em>praesentet</em></span> 
     </span>
     <span class='ocr_line' id='line_1_94' title="bbox 1185 2548 2124 2609; baseline -0.003 -16"><span class='ocrx_word' id='word_1_540' title='bbox 1185 2553 1228 2593; x_wconf 89' lang='lat' dir='ltr'><em>in</em></span> <span class='ocrx_word' id='word_1_541' title='bbox 1244 2551 1394 2594; x_wconf 83' lang='lat' dir='ltr'><em>ultimo</em></span> <span class='ocrx_word' id='word_1_542' title='bbox 1407 2552 1476 2593; x_wconf 89' lang='lat' dir='ltr'><em>die</em></span> <span class='ocrx_word' id='word_1_543' title='bbox 1491 2552 1819 2609; x_wconf 86' lang='lat' dir='ltr'><em>quadrimestris,</em></span> <span class='ocrx_word' id='word_1_544' title='bbox 1836 2563 1904 2592; x_wconf 90' lang='lat' dir='ltr'><em>aut</em></span> <span class='ocrx_word' id='word_1_545' title='bbox 1918 2548 2124 2592; x_wconf 83' lang='lat' dir='ltr'><em>semestris</em></span> 
     </span>
     <span class='ocr_line' id='line_1_95' title="bbox 1185 2609 2125 2669; baseline -0.004 -15"><span class='ocrx_word' id='word_1_546' title='bbox 1185 2626 1298 2659; x_wconf 86' lang='lat' dir='ltr'><em>eum,</em></span> <span class='ocrx_word' id='word_1_547' title='bbox 1317 2626 1442 2669; x_wconf 89' lang='lat' dir='ltr'><em>quem</em></span> <span class='ocrx_word' id='word_1_548' title='bbox 1458 2614 1576 2655; x_wconf 79' lang='lat' dir='ltr'><em>certo</em></span> <span class='ocrx_word' id='word_1_549' title='bbox 1593 2609 1670 2654; x_wconf 88' lang='lat' dir='ltr'><em>scit</em></span> <span class='ocrx_word' id='word_1_550' title='bbox 1685 2609 1993 2667; x_wconf 86' lang='lat' dir='ltr'><em>praesentationi</em></span> <span class='ocrx_word' id='word_1_551' title='bbox 2012 2623 2125 2651; x_wconf 72' lang='lat' dir='ltr'><em>nom</em></span> 
     </span>
     <span class='ocr_line' id='line_1_96' title="bbox 1184 2666 2128 2720; baseline -0.004 -6"><span class='ocrx_word' id='word_1_552' title='bbox 1184 2670 1496 2720; x_wconf 89' lang='lat' dir='ltr'><em>consensurum,</em></span> <span class='ocrx_word' id='word_1_553' title='bbox 1514 2684 1584 2713; x_wconf 89' lang='lat' dir='ltr'><em>aut</em></span> <span class='ocrx_word' id='word_1_554' title='bbox 1602 2672 1940 2714; x_wconf 82' lang='lat' dir='ltr'><em>renunciaturum</em></span> <span class='ocrx_word' id='word_1_555' title='bbox 1961 2669 2012 2712; x_wconf 85' lang='lat' dir='ltr'><em>ad</em></span> <span class='ocrx_word' id='word_1_556' title='bbox 2026 2666 2128 2711; x_wconf 85' lang='lat' dir='ltr'><em>effe-</em></span> 
     </span>
     <span class='ocr_line' id='line_1_97' title="bbox 1184 2731 2124 2788; baseline -0.002 -14"><span class='ocrx_word' id='word_1_557' title='bbox 1184 2734 1293 2774; x_wconf 72' lang='lat' dir='ltr'><em>&amp;um</em></span> <span class='ocrx_word' id='word_1_558' title='bbox 1322 2733 1508 2774; x_wconf 82' lang='lat' dir='ltr'><em>habendi</em></span> <span class='ocrx_word' id='word_1_559' title='bbox 1538 2732 1650 2774; x_wconf 88' lang='lat' dir='ltr'><em>aliud</em></span> <span class='ocrx_word' id='word_1_560' title='bbox 1677 2731 1976 2788; x_wconf 86' lang='lat' dir='ltr'><em>quadrimestre</em></span> <span class='ocrx_word' id='word_1_561' title='bbox 2005 2758 2018 2776; x_wconf 88' lang='lat'><em>,</em></span> <span class='ocrx_word' id='word_1_562' title='bbox 2052 2741 2124 2772; x_wconf 89' lang='lat' dir='ltr'><em>aut</em></span> 
     </span>
     <span class='ocr_line' id='line_1_98' title="bbox 1185 2789 2122 2846; baseline -0.006 -11"><span class='ocrx_word' id='word_1_563' title='bbox 1185 2789 1377 2835; x_wconf 88' lang='lat' dir='ltr'><em>semestre</em></span> <span class='ocrx_word' id='word_1_564' title='bbox 1392 2820 1406 2840; x_wconf 89' lang='lat'><em>,</em></span> <span class='ocrx_word' id='word_1_565' title='bbox 1437 2791 1556 2844; x_wconf 70' lang='lat' dir='ltr'><em>juxta</em></span> <span class='ocrx_word' id='word_1_566' title='bbox 1568 2792 1689 2834; x_wconf 82' lang='lat' dir='ltr'><em>Text.</em></span> <span class='ocrx_word' id='word_1_567' title='bbox 1705 2791 1745 2831; x_wconf 88' lang='lat' dir='ltr'><em>in</em></span> <span class='ocrx_word' id='word_1_568' title='bbox 1763 2803 1846 2846; x_wconf 85' lang='lat' dir='ltr'><em>cap.</em></span> <span class='ocrx_word' id='word_1_569' title='bbox 1860 2790 1902 2830; x_wconf 72' lang='lat' dir='ltr'><em>si</em></span> <span class='ocrx_word' id='word_1_570' title='bbox 1916 2789 2060 2832; x_wconf 70' lang='lat' dir='ltr'><em>EleHio</em></span> <span class='ocrx_word' id='word_1_571' title='bbox 2074 2789 2122 2830; x_wconf 84' lang='lat' dir='ltr'><em>de</em></span> 
     </span>
     <span class='ocr_line' id='line_1_99' title="bbox 1187 2851 2127 2901; baseline -0.005 -7"><span class='ocrx_word' id='word_1_572' title='bbox 1187 2852 1376 2894; x_wconf 66' lang='lat' dir='ltr'><em>Election.</em></span> <span class='ocrx_word' id='word_1_573' title='bbox 1393 2853 1434 2893; x_wconf 91' lang='lat' dir='ltr'><em>in</em></span> <span class='ocrx_word' id='word_1_574' title='bbox 1452 2858 1493 2893; x_wconf 89' lang='lat'><em>6.</em></span> <span class='ocrx_word' id='word_1_575' title='bbox 1512 2882 1524 2901; x_wconf 89' lang='lat'>‚</span> <span class='ocrx_word' id='word_1_576' title='bbox 1557 2853 1616 2894; x_wconf 85' lang='lat' dir='ltr'><em>ibi</em></span> <span class='ocrx_word' id='word_1_577' title='bbox 1649 2876 1688 2885; x_wconf 90' lang='lat'><em>-·</em></span> <span class='ocrx_word' id='word_1_578' title='bbox 1717 2853 1758 2892; x_wconf 87' lang='lat' dir='ltr'><em>Si</em></span> <span class='ocrx_word' id='word_1_579' title='bbox 1775 2851 1908 2892; x_wconf 71' lang='lat' dir='ltr'><em>eleHio</em></span> <span class='ocrx_word' id='word_1_580' title='bbox 1926 2864 1981 2892; x_wconf 78' lang='lat' dir='ltr'><em>ex</em></span> <span class='ocrx_word' id='word_1_581' title='bbox 1998 2865 2038 2890; x_wconf 94' lang='lat' dir='ltr'><em>eo</em></span> <span class='ocrx_word' id='word_1_582' title='bbox 2053 2864 2127 2890; x_wconf 86' lang='lat' dir='ltr'><em>non</em></span> 
     </span>
    </p>

    <p class='ocr_par' dir='ltr' id='par_1_23' title="bbox 1171 2908 2129 3451">
     <span class='ocr_line' id='line_1_100' title="bbox 1171 2908 2123 2971; baseline 0.001 -20"><span class='ocrx_word' id='word_1_583' title='bbox 1171 2912 1375 2965; x_wconf 87' lang='lat' dir='ltr'><em>sortiatur</em></span> <span class='ocrx_word' id='word_1_584' title='bbox 1394 2912 1597 2971; x_wconf 67' lang='lat' dir='ltr'><em>ffc‘t&#39;um,</em></span> <span class='ocrx_word' id='word_1_585' title='bbox 1625 2911 1719 2967; x_wconf 88' lang='lat' dir='ltr'><em>quia</em></span> <span class='ocrx_word' id='word_1_586' title='bbox 1747 2912 1891 2953; x_wconf 67' lang='lat' dir='ltr'><em>eleftur</em></span> <span class='ocrx_word' id='word_1_587' title='bbox 1910 2908 2123 2963; x_wconf 85' lang='lat' dir='ltr'><em>consentire</em></span> 
     </span>
     <span class='ocr_line' id='line_1_101' title="bbox 1185 2967 2128 3026; baseline -0.005 -13"><span class='ocrx_word' id='word_1_588' title='bbox 1185 2972 1338 3026; x_wconf 85' lang='lat' dir='ltr'><em>recusat</em></span> <span class='ocrx_word' id='word_1_589' title='bbox 1349 3000 1362 3021; x_wconf 93' lang='lat'><em>,</em></span> <span class='ocrx_word' id='word_1_590' title='bbox 1391 2974 1464 3014; x_wconf 78' lang='lat' dir='ltr'><em>vel</em></span> <span class='ocrx_word' id='word_1_591' title='bbox 1491 2971 1570 3026; x_wconf 81' lang='lat' dir='ltr'><em>poll</em></span> <span class='ocrx_word' id='word_1_592' title='bbox 1599 2971 1811 3025; x_wconf 77' lang='lat' dir='ltr'><em>consensum</em></span> <span class='ocrx_word' id='word_1_593' title='bbox 1827 2970 2029 3018; x_wconf 86' lang='lat' dir='ltr'><em>renunciat</em></span> <span class='ocrx_word' id='word_1_594' title='bbox 2039 2967 2128 3020; x_wconf 82' lang='lat' dir='ltr'><em>juri</em></span> 
     </span>
     <span class='ocr_line' id='line_1_102' title="bbox 1172 3029 2128 3087; baseline -0.003 -15"><span class='ocrx_word' id='word_1_595' title='bbox 1172 3032 1248 3086; x_wconf 73' lang='lat' dir='ltr'><em>suo</em></span> <span class='ocrx_word' id='word_1_596' title='bbox 1264 3061 1277 3081; x_wconf 91' lang='lat'><em>,</em></span> <span class='ocrx_word' id='word_1_597' title='bbox 1292 3044 1363 3074; x_wconf 91' lang='lat' dir='ltr'><em>aut</em></span> <span class='ocrx_word' id='word_1_598' title='bbox 1369 3033 1485 3087; x_wconf 59' lang='lat' dir='ltr'><em>forte*</em></span> <span class='ocrx_word' id='word_1_599' title='bbox 1498 3032 1602 3073; x_wconf 84' lang='lat' dir='ltr'><em>diem</em></span> <span class='ocrx_word' id='word_1_600' title='bbox 1617 3031 1764 3072; x_wconf 74' lang='lat' dir='ltr'><em>claudit</em></span> <span class='ocrx_word' id='word_1_601' title='bbox 1780 3043 2001 3073; x_wconf 86' lang='lat' dir='ltr'><em>extremum</em></span> <span class='ocrx_word' id='word_1_602' title='bbox 2019 3059 2032 3079; x_wconf 92' lang='lat'><em>,</em></span> <span class='ocrx_word' id='word_1_603' title='bbox 2051 3029 2128 3082; x_wconf 76' lang='lat' dir='ltr'><em>stu</em></span> 
     </span>
     <span class='ocr_line' id='line_1_103' title="bbox 1180 3090 2126 3147; baseline 0.001 -16"><span class='ocrx_word' id='word_1_604' title='bbox 1180 3103 1344 3147; x_wconf 85' lang='lat' dir='ltr'><em>propter</em></span> <span class='ocrx_word' id='word_1_605' title='bbox 1358 3093 1548 3135; x_wconf 82' lang='lat' dir='ltr'><em>occultum</em></span> <span class='ocrx_word' id='word_1_606' title='bbox 1560 3095 1595 3145; x_wconf 77' lang='lat' dir='ltr'><em>ej</em></span> <span class='ocrx_word' id='word_1_607' title='bbox 1601 3107 1644 3133; x_wconf 87' lang='lat' dir='ltr'><em>us</em></span> <span class='ocrx_word' id='word_1_608' title='bbox 1659 3091 1806 3133; x_wconf 80' lang='lat' dir='ltr'><em>vitium</em></span> <span class='ocrx_word' id='word_1_609' title='bbox 1819 3091 2028 3139; x_wconf 85' lang='lat' dir='ltr'><em>irritatur,</em></span> <span class='ocrx_word' id='word_1_610' title='bbox 2043 3090 2126 3132; x_wconf 82' lang='lat' dir='ltr'><em>Ele-</em></span> 
     </span>
     <span class='ocr_line' id='line_1_104' title="bbox 1187 3150 2129 3207; baseline -0.003 -14"><span class='ocrx_word' id='word_1_611' title='bbox 1187 3152 1314 3193; x_wconf 68' lang='lat' dir='ltr'><em>Hores</em></span> <span class='ocrx_word' id='word_1_612' title='bbox 1331 3157 1349 3206; x_wconf 84' lang='lat'>(</span> <span class='ocrx_word' id='word_1_613' title='bbox 1364 3153 1434 3207; x_wconf 85' lang='lat' dir='ltr'><em>qui</em></span> <span class='ocrx_word' id='word_1_614' title='bbox 1440 3155 1529 3206; x_wconf 79' lang='lat' dir='ltr'><em>jam</em></span> <span class='ocrx_word' id='word_1_615' title='bbox 1538 3152 1737 3204; x_wconf 79' lang='lat' dir='ltr'><em>fecerant,</em></span> <span class='ocrx_word' id='word_1_616' title='bbox 1748 3154 1852 3207; x_wconf 86' lang='lat' dir='ltr'><em>quod</em></span> <span class='ocrx_word' id='word_1_617' title='bbox 1852 3152 2063 3206; x_wconf 66' lang='lat' dir='ltr'><em>spec‘iabat</em></span> <span class='ocrx_word' id='word_1_618' title='bbox 2075 3150 2129 3190; x_wconf 89' lang='lat' dir='ltr'><em>ad</em></span> 
     </span>
     <span class='ocr_line' id='line_1_105' title="bbox 1188 3211 2125 3268; baseline -0.002 -16"><span class='ocrx_word' id='word_1_619' title='bbox 1188 3213 1288 3267; x_wconf 88' lang='lat' dir='ltr'><em>ipsos</em></span> <span class='ocrx_word' id='word_1_620' title='bbox 1321 3211 1427 3261; x_wconf 74' lang='lat' dir='ltr'><em>infra</em></span> <span class='ocrx_word' id='word_1_621' title='bbox 1439 3212 1546 3266; x_wconf 79' lang='lat' dir='ltr'><em>juris</em></span> <span class='ocrx_word' id='word_1_622' title='bbox 1560 3212 1772 3255; x_wconf 82' lang='lat' dir='ltr'><em>terminum</em></span> <span class='ocrx_word' id='word_1_623' title='bbox 1787 3212 1990 3268; x_wconf 85' lang='lat' dir='ltr'><em>eligendo)</em></span> <span class='ocrx_word' id='word_1_624' title='bbox 2006 3211 2125 3251; x_wconf 72' lang='lat' dir='ltr'><em>babe-</em></span> 
     </span>
     <span class='ocr_line' id='line_1_106' title="bbox 1187 3270 2124 3331; baseline -0.004 -17"><span class='ocrx_word' id='word_1_625' title='bbox 1187 3273 1283 3314; x_wconf 85' lang='lat' dir='ltr'><em>bunt</em></span> <span class='ocrx_word' id='word_1_626' title='bbox 1296 3272 1322 3313; x_wconf 80' lang='lat' dir='ltr'><em>d</em></span> <span class='ocrx_word' id='word_1_627' title='bbox 1337 3272 1497 3331; x_wconf 69' lang='lat' dir='ltr'><em>difflmsu</em></span> <span class='ocrx_word' id='word_1_628' title='bbox 1512 3300 1525 3320; x_wconf 85' lang='lat'><em>,</em></span> <span class='ocrx_word' id='word_1_629' title='bbox 1545 3272 1836 3313; x_wconf 78' lang='lat' dir='ltr'><em>renunciatione</em></span> <span class='ocrx_word' id='word_1_630' title='bbox 1853 3300 1866 3320; x_wconf 87' lang='lat'><em>,</em></span> <span class='ocrx_word' id='word_1_631' title='bbox 1882 3282 2006 3313; x_wconf 82' lang='lat' dir='ltr'><em>morte</em></span> <span class='ocrx_word' id='word_1_632' title='bbox 2022 3300 2035 3320; x_wconf 92' lang='lat'><em>,</em></span> <span class='ocrx_word' id='word_1_633' title='bbox 2053 3270 2124 3311; x_wconf 87' lang='lat' dir='ltr'><em>vel</em></span> 
     </span>
     <span class='ocr_line' id='line_1_107' title="bbox 1186 3332 2124 3389; baseline -0.002 -15"><span class='ocrx_word' id='word_1_634' title='bbox 1186 3332 1417 3374; x_wconf 87' lang='lat' dir='ltr'><em>irritatione</em></span> <span class='ocrx_word' id='word_1_635' title='bbox 1430 3333 1631 3387; x_wconf 71' lang='lat' dir='ltr'><em>praediHis</em></span> <span class='ocrx_word' id='word_1_636' title='bbox 1651 3362 1663 3381; x_wconf 92' lang='lat'><em>,</em></span> <span class='ocrx_word' id='word_1_637' title='bbox 1693 3347 1737 3373; x_wconf 87' lang='lat' dir='ltr'><em>ac</em></span> <span class='ocrx_word' id='word_1_638' title='bbox 1749 3332 1962 3389; x_wconf 76' lang='lat' dir='ltr'><em>sivacatio</em></span> <span class='ocrx_word' id='word_1_639' title='bbox 1981 3346 2124 3372; x_wconf 63' lang='lat' dir='ltr'><em>nova-³</em></span> 
     </span>
     <span class='ocr_line' id='line_1_108' title="bbox 1188 3391 2125 3451; baseline -0.003 -17"><span class='ocrx_word' id='word_1_640' title='bbox 1188 3392 1279 3451; x_wconf 70' lang='lat' dir='ltr'><em>estet</em></span> <span class='ocrx_word' id='word_1_641' title='bbox 1297 3421 1310 3439; x_wconf 91' lang='lat'><strong>‚</strong></span> <span class='ocrx_word' id='word_1_642' title='bbox 1340 3403 1490 3447; x_wconf 87' lang='lat' dir='ltr'><em>tempus</em></span> <span class='ocrx_word' id='word_1_643' title='bbox 1510 3393 1550 3432; x_wconf 90' lang='lat' dir='ltr'><em>in</em></span> <span class='ocrx_word' id='word_1_644' title='bbox 1573 3394 1773 3447; x_wconf 77' lang='lat' dir='ltr'><em>integrum</em></span> <span class='ocrx_word' id='word_1_645' title='bbox 1788 3393 1843 3432; x_wconf 87' lang='lat' dir='ltr'><em>ad</em></span> <span class='ocrx_word' id='word_1_646' title='bbox 1865 3391 2125 3433; x_wconf 56' lang='lat' dir='ltr'><em>electionem-2</em></span> 
     </span>
    </p>
   </div>
   <div class='ocr_carea' id='block_1_11' title="bbox 1187 3451 2138 3549">
    <p class='ocr_par' dir='ltr' id='par_1_24' title="bbox 1187 3451 2138 3549">
     <span class='ocr_line' id='line_1_109' title="bbox 1187 3451 2130 3507; baseline -0.006 -13"><span class='ocrx_word' id='word_1_647' title='bbox 1187 3452 1309 3494; x_wconf 81' lang='lat' dir='ltr'><em>aliam</em></span> <span class='ocrx_word' id='word_1_648' title='bbox 1323 3453 1608 3503; x_wconf 72' lang='lat' dir='ltr'><em>celebrandam,</em></span> <span class='ocrx_word' id='word_1_649' title='bbox 1618 3454 1819 3495; x_wconf 67' lang='lat' dir='ltr'><em>dammodo</em></span> <span class='ocrx_word' id='word_1_650' title='bbox 1831 3452 1888 3495; x_wconf 83' lang='lat' dir='ltr'><em>nil</em></span> <span class='ocrx_word' id='word_1_651' title='bbox 1890 3451 2130 3507; x_wconf 80' lang='lat' dir='ltr'><em>fraudulen-</em></span> 
     </span>
     <span class='ocr_line' id='line_1_110' title="bbox 2072 3520 2138 3549; baseline 0 0"><span class='ocrx_word' id='word_1_652' title='bbox 2072 3520 2138 3549; x_wconf 80' lang='lat' dir='ltr'><em>ter</em></span> 
     </span>
    </p>
   </div>
  </div>
 </body>
</html>
