2392 3736
407 115 1039 200 DeJurepatronatus
1056 111 1190 174 Par.
1215 110 1320 174 VI.
1345 112 1506 173 Can.
1530 113 1723 176 XXII.
1973 138 2104 201 347

36 237 246 303 ficeret
274 279 290 306 ‚
345 227 578 295 fructus
627 223 913 310 ejusdem
943 219 1244 285 Beneficii
1297 243 1449 286 curn
1492 223 1849 306 adjeffione
1899 226 2097 291 Patri-

40 327 242 395 monii
274 323 467 388 etiam
499 318 755 407 pinguis
790 363 805 389 ,
860 316 1037 404 quod
1075 312 1207 403 ipse
1242 313 1661 379 Ordinandus
1698 317 1765 379 in
1798 319 2095 396 eadem,

39 419 144 488 seu
185 419 301 483 alia
334 413 557 504 quavis
595 407 870 475 Dioecefi
927 406 1250 472 obtineret
1280 454 1296 479 ,
1360 429 1431 471 ac
1482 406 1834 496 Episcopus
1867 410 1948 475 fic
1998 438 2096 479 or-

12 574 13 582 ,
43 516 265 582 dinans
290 555 306 582 ,
343 524 475 572 tam
515 506 596 570 de
626 501 942 592 praediffis
981 499 1547 565 Testimonialibus
1584 500 1784 566 literis
1822 548 1838 576 ,
1900 509 2098 592 quam

12 608 124 673 ‘de
153 600 409 669 redditu
457 595 754 663 Beneficii
801 593 1217 680 hujusmodi,
1260 594 1643 682 expreffam,
1681 596 1749 658 in
1791 601 2101 663 conlueta

44 699 421 768 mllatorum
446 691 770 759 Ordinum
807 686 1243 763 attestatione,
1295 689 1703 755 mentionem
1741 686 1947 755 facere
1989 693 2097 758 de-

45 791 256 860 bebit.
1084 791 1087 794 ’
1367 817 1392 820 ··

52 918 62 948 ε
181 887 501 949 Caeterum
537 882 827 949 subditus
876 882 1118 946 ratione
1154 882 1419 968 originis
1463 881 1514 946 is
1546 886 1803 947 tantum
1840 881 1913 947 fit
1952 928 1968 955 ,
2021 904 2093 947 ac

16 977 165 1047 ,effe
200 978 589 1063 intelligatur
626 1024 643 1050 ,
690 977 800 1066 qui
855 975 1222 1041 naturaliter
1280 995 1457 1041 ortus
1496 977 1582 1040 est
1634 977 1700 1040 in
1732 999 1803 1040 ea
1836 977 2099 1041 Dioece-

47 1073 89 1141 fi
125 1120 143 1148 ,
203 1072 268 1135 in
307 1092 431 1161 qua
461 1071 539 1134 ad
582 1071 857 1134 Ordines
898 1068 1273 1159 promoveri
1306 1068 1618 1134 desiderat
1656 1117 1673 1142 ,
1732 1070 2099 1135 dummodo

0 1167 20 1231 {i
48 1183 263 1234 tamen
298 1165 389 1230 ibi
423 1179 608 1228 natus
646 1187 779 1229 non
813 1162 1001 1228 fuerit
1034 1182 1114 1225 ex
1141 1161 1495 1234 accidenti,
1551 1162 1880 1227 occasione
1916 1164 2104 1227 nimi-

0 1303 21 1345 3
49 1283 195 1328 rum
227 1257 504 1331 itineris,
540 1253 787 1330 Officii,
819 1255 1205 1342 Legationis,
1243 1273 1612 1321 mercaturae
1633 1303 1647 1329 ‚
1695 1257 1798 1319 vel
1829 1255 2103 1341 cujusvis

2 1348 23 1443 {i
48 1353 303 1420 alterius
358 1349 725 1439 temporalis
767 1373 958 1415 morae
1002 1394 1018 1421 ‚
1071 1347 1172 1412 seu
1219 1350 1672 1438 permanentiae
1716 1351 1847 1435 ejus
1905 1350 2104 1415 Patris

2 1447 24 1536 ²}
51 1447 121 1512 in
154 1445 267 1509 illo
300 1445 484 1516 lom,
546 1464 676 1531 quo
709 1443 849 1508 casu
888 1442 1250 1508 nullatenus
1293 1440 1607 1530 ejusmodi
1643 1440 1906 1508 fortuita
1950 1443 2107 1507 nati-

0 1503 25 1635 l}
53 1539 246 1611 vitaS,
292 1535 398 1601 sed
436 1558 582 1600 vera
618 1541 910 1611 tantum,
959 1537 1018 1600 &
1056 1538 1357 1601 naturalis
1397 1537 1596 1601 Patris
1637 1537 1820 1622 origo
1856 1536 1975 1600 erit
2017 1552 2107 1600 at-

19 1617 375 1719 }tendenda
411 1654 430 1703 3
484 1631 680 1713 Qod
722 1628 765 1693 fi
809 1631 951 1718 quis
980 1646 1158 1694 tanto
1203 1629 1512 1717 temporis
1550 1629 1760 1718 spacio
1794 1631 1859 1693 in
1902 1651 1979 1693 eo
2014 1630 2105 1694 lo-

55 1749 134 1791 co
166 1772 182 1798 ‚
240 1725 307 1787 in
344 1746 474 1812 quo
511 1745 588 1786 ex
624 1722 939 1788 accidenti
976 1768 991 1795 ,
1048 1723 1205 1788 ficut
1256 1722 1666 1813 praemittitur
1703 1771 1718 1797 ‚
1772 1740 1958 1789 natus
1995 1723 2102 1798 est,

23 1821 305 1905 {moram
337 1816 629 1888 traxerit,
666 1832 736 1880 ut
772 1817 1055 1906 potuerit
1092 1816 1341 1882 ibidem
1382 1816 1695 1880 canonico
1733 1818 1953 1907 aliquo
1992 1819 2112 1883 im-

53 1912 436 2003 pedimento
466 1907 727 1981 irretiri,
761 1925 914 1974 tunc
954 1909 1148 1974 etiam
1183 1907 1262 1975 ab
1289 1908 1635 1974 Ordinatio
1677 1908 1808 1995 ejus
1847 1911 2007 1975 Loci
2042 1911 2112 1974 li-

27 2020 220 2085 }teras
263 2002 788 2077 Testimoniales‚
839 2019 909 2068 ut
944 2003 1127 2094 supra
1175 2003 1504 2077 obtinere,
1553 2001 1826 2093 aliasque
1857 2003 2113 2093 Episco-

26 2123 146 2210 ,ρο
170 2097 515 2164 Ordinanti
547 2118 662 2185 per
698 2118 849 2160 eum
885 2098 951 2160 in
981 2097 1363 2162 collatorum
1381 2100 1708 2163 Ordinum
1741 2098 2112 2164 testimonio

58 2190 349 2258 {imiliter
381 2189 822 2262 recensendas,
860 2191 1230 2279 praesentare
1260 2208 1550 2256 teneatur
1574 2238 1588 2254 .

31 2289 33 2291 ’
214 2287 310 2349 At
361 2281 407 2348 fi
461 2285 642 2347 Pater
696 2284 763 2347 in
822 2285 1029 2349 alieno
1080 2285 1225 2349 loco
1258 2332 1274 2359 ‚
1347 2284 1459 2351 ubi
1524 2284 1656 2371 ejus
1703 2283 1873 2351 filius
1923 2302 2110 2351 natus

0 2354 152 2647 {sest
198 2426 214 2452 ,
267 2375 515 2442 tamdiu
546 2423 562 2450 ,
612 2398 682 2440 ac
724 2398 801 2440 eo
846 2378 1063 2442 animo
1106 2378 1556 2467 permanserit,
1617 2399 1687 2443 ut
1745 2379 1907 2445 inibi
1964 2382 2114 2445 vere

31 2462 471 2551 {domicilium
530 2471 610 2533 de
664 2469 798 2555 jure
852 2473 1239 2538 contraxerit
1275 2519 1290 2545 ,
1363 2490 1517 2536 tunc
1585 2495 1718 2535 non
1771 2474 1954 2558 origo
2004 2476 2113 2538 Pa-

25 2555 40 2624 ‘i
68 2565 216 2638 triS,
265 2563 373 2629 sed
409 2563 812 2627 domicilium
847 2586 958 2653 per
997 2567 1246 2632 Patrem
1284 2565 1575 2650 legitime
1604 2613 1619 2638 ‚
1660 2582 1730 2629 ut
1765 2564 2112 2654 praefertur,

15 2650 40 2745 ²3⁸
70 2657 468 2723 contracium
532 2679 649 2745 pro
701 2658 1123 2724 Ordinatione
1187 2658 1472 2745 ejusdem
1526 2658 1642 2723 filii
1698 2661 1943 2725 attendi
2012 2662 2117 2726 de-

74 2750 221 2817 beat
241 2799 254 2814 .

211 2844 516 2912 Subditus
548 2866 762 2914 autem
794 2852 1036 2916 ratione
1073 2850 1423 2924 domicilii,
1475 2850 1555 2914 ad
1593 2849 1894 2916 effectum
1931 2848 2116 2915 susci-

23 2946 47 3027 «ᾖ
74 2939 293 3028 piendi
324 2941 615 3015 OrdineS,
653 2945 704 3008 is
740 2945 1071 3013 dumtaxat
1110 2946 1467 3018 censeatur,
1499 2946 1608 3036 qui
1641 2947 1792 3011 licet
1825 2943 1975 3009 alibi
2007 2967 2116 3007 na-

26 3043 177 3098 “ltus
228 3030 458 3108 fuerit,
509 3036 665 3100 illud
718 3054 934 3104 tamen
985 3043 1144 3107 adeo
1203 3039 1508 3105 stabiliter
1568 3037 1964 3104 constituerit
2002 3037 2120 3101 in„

45 3126 292 3216 ialiquo
326 3129 472 3192 loco
502 3175 519 3203 ‚
577 3146 647 3193 ut
691 3135 792 3196 vel
845 3157 957 3222 per
1013 3135 1399 3202 decennium
1455 3132 1676 3198 saltem
1719 3133 1786 3196 in
1825 3153 1902 3194 eo
1942 3131 2122 3197 habi-

32 3255 51 3313 ,3
79 3221 312 3294 tando,
342 3223 443 3285 v-el
484 3224 791 3308 majorem
833 3250 1043 3295 rerum
1064 3278 1079 3304 ,
1111 3253 1182 3294 ac
1214 3228 1542 3294 bonorum
1577 3225 1838 3292 suorum
1872 3241 2123 3315 partem

48 3318 234 3380 {cum
284 3315 597 3382 instructis
651 3318 890 3386 aedibus
944 3323 1011 3388 in
1059 3327 1278 3390 locum
1326 3320 1696 3406 hujusmodi
1749 3317 2126 3386 transferen-

49 3399 230 3537 {dog
279 3406 494 3540 inique
554 3434 667 3502 per
714 3413 975 3505 aliquod
1025 3414 1478 3486 considerabile
1528 3432 1786 3505 tempus
1842 3434 2127 3542 comm?-

232 3513 298 3539 ars
365 3528 375 3540 .
1605 3509 1682 3550 Xx
1716 3521 1736 3547 2
1980 3516 2051 3544 ran
2087 3515 2129 3551 ο,
