2392 3730
696 178 898 256 Index
930 187 1216 265 Rerum,
1257 189 1322 255 δῖ’
1356 190 1747 258 Verborum.

442 328 845 369 VESPILLO.

142 421 187 460 11.
203 422 266 464 Jus
279 420 419 466 eligendi
431 420 647 467 Vespillonem
657 421 779 467 spectat
804 422 844 458 ad
856 421 1000 464 Curam,
1027 424 1063 461 &
1084 422 1145 459 So-

189 469 388 508 licitudinem
404 468 574 516 Episcopi.
585 479 665 515 477.
680 479 712 511 3.

566 567 598 601 V
621 568 641 604 1
666 569 721 604 A.

141 659 205 697 VI.
225 661 291 695 Via
304 659 542 696 Proeeffionum
551 671 645 706 ,quae
656 659 738 695 fiunt
747 659 839 696 extra
855 660 1025 697 Ecclesiam
1052 661 1140 698 Col-

191 708 343 755 legiatam
354 709 410 749 ,&
421 719 478 752 per
489 708 678 747 Parochiam
697 707 716 741 a
741 708 965 747 Confi-atribus
988 709 1141 744 determi-

187 755 344 838 nandasest
365 755 384 791 ὲ
403 753 564 794 Ρτκῑεᾶο
585 754 693 791 Chori
709 756 942 793 interveniente
958 756 1138 806 Capitulo.

187 813 271 851 415·
305 826 317 839 o

447 901 810 938 VICARIA.

137 996 202 1032 VI.
224 991 362 1029 Vicariae
371 1005 490 1029 nomen
500 994 713 1041 praesupponit
726 994 849 1031 Curam
870 994 1066 1032 habitualem
1093 996 1135 1031 ad

188 1042 287 1077 alium
303 1040 468 1086 spedare.
489 1046 567 1087 ²9⁶·
587 1052 640 1078 12.

134 1092 200 1131 VI.
226 1090 362 1124 Vicariae
374 1089 501 1124 dimiffae
512 1091 545 1124 in
558 1090 700 1125 manibus
713 1091 879 1128 Pontificis
896 1090 935 1128 ad
953 1092 1134 1127 favorem-2

185 1145 346 1173 certarum
357 1137 562 1182 personarum
572 1137 665 1179 juxta
680 1138 800 1182 stylum
811 1141 955 1174 Datariae
969 1164 980 1180 ‚
993 1140 1029 1175 &
1048 1139 1137 1173 Can-

184 1184 323 1220 cellariae
346 1185 445 1220 libere
468 1197 525 1230 per
545 1185 662 1220 Sedem
689 1185 910 1231 Apostolicam
928 1186 1136 1222 conferuntur

181 1231 410 1280 Refignatariis
431 1233 550 1279 absque
583 1234 648 1268 ulla
681 1234 902 1269 nominatione
930 1245 1045 1269 eorum
1060 1258 1072 1274 ‚
1095 1234 1135 1268 ad

183 1291 271 1327 quos
283 1279 406 1325 spectat
418 1304 429 1321 ‚
440 1281 603 1315 nominare
616 1280 762 1316 Vicarios
776 1303 788 1321 ‚
814 1283 850 1319 &
863 1282 980 1328 absque
1007 1281 1136 1327 speciali

183 1329 400 1374 derogatione
413 1326 515 1363 Bullae
524 1327 630 1362 Pianae
653 1351 663 1362 .
679 1329 757 1371 298.
773 1341 827 1363 22.

134 1376 196 1421 VI.
220 1375 357 1410 Vicariae
370 1384 534 1421 perpetuae
546 1374 618 1409 ante
640 1374 903 1413 constitutionem
925 1376 1008 1412 Divi
1034 1376 1085 1412 Pii
1094 1376 1135 1412 V.

181 1424 214 1459 la
222 1432 283 1469 47.
292 1421 644 1468 comprehendebantur
657 1421 715 1458 sub
725 1424 881 1468 primariis
901 1425 1048 1469 precibus
1064 1449 1076 1466 ‚
1099 1426 1135 1461 &

183 1469 242 1505 sub
251 1471 319 1504 aliis
330 1468 527 1514 apostolicis
536 1471 805 1506 reservationibus
818 1495 830 1512 ,
844 1471 934 1508 secus
958 1483 1042 1507 nunc
1061 1471 1133 1519 post

182 1516 301 1552 dietam
315 1514 589 1552 Constitutionem
603 1541 614 1552 .
626 1529 669 1564 43
677 1530 708 1564 3.
723 1523 777 1554 16.

129 1567 198 1600 VI.
223 1564 361 1599 Vicariae
375 1572 540 1609 perpetuae
554 1588 566 1604 ,
576 1565 716 1601 &unitae
729 1570 903 1611 permutari
919 1594 930 1609 ‚
944 1569 980 1604 ὃ(
993 1566 1134 1613 resigna-

159 1623 161 1625 ’
181 1611 210 1646 ri
220 1611 345 1655 potsunt
354 1610 387 1644 in
399 1611 541 1646 manibus
551 1611 660 1658 Papae,
672 1614 708 1649 &
717 1614 758 1649 ab
771 1627 814 1651 eo
825 1616 994 1662 provideri
1009 1615 1129 1661 absque

181 1658 252 1693 ullo
263 1657 453 1702 praeiudicio
469 1659 595 1694 unionis
605 1683 617 1694 .
639 1672 681 1707 43
689 1673 719 1707 3.
738 1663 792 1698 18.

131 1707 195 1742 v1.
219 1705 285 1740 Sub
294 1704 424 1740 indulto
434 1707 618 1742 conferendi
631 1707 794 1745 Beneficia
815 1712 964 1747 conceffo
996 1711 1130 1746 univer-

179 1753 268 1788 fitati
282 1754 418 1788 Lovanii
445 1765 511 1788 non
534 1755 850 1800 comprehenduntur
883 1758 1014 1793 Vicariae
1025 1782 1036 1798 ,
1061 1769 1133 1804 quae

180 1800 308 1846 semper
319 1799 359 1835 ad
370 1801 623 1838 nominationem
633 1803 770 1840 Abbatis
781 1828 792 1845 ,
817 1804 883 1839 five
893 1806 1066 1852 superioris
1091 1807 1133 1841 il-

179 1849 244 1884 lius
259 1847 447 1883 Monasterii
458 1871 470 1888 ‚
483 1849 536 1883 vel
551 1848 719 1892 Ecclesiae,
742 1854 794 1888 cui
805 1854 900 1888 unitae
921 1855 1132 1900 comperiun-

181 1904 237 1932 tur
248 1919 260 1935 ‚
280 1895 350 1930 sunt
369 1895 571 1931 conferendae
584 1920 594 1932 .
608 1910 689 1949 434.
703 1909 757 1945 19.

227 1943 311 1978 Vide
323 1943 356 1979 in
367 1944 458 1979 verb.
479 1943 615 1989 Ecclesia
625 1970 638 1982 .

427 2041 832 2084 VICARIUS.

130 2136 161 2174 I.
183 2135 327 2172 vicarius
338 2133 507 2171 Generalis
517 2159 528 2175 ,
546 2137 600 2172 vel
610 2137 807 2184 Capitularis
833 2151 872 2175 an
896 2140 989 2186 poffit
1011 2151 1129 2176 conce-

183 2183 262 2218 dere
274 2184 433 2219 licentiam
447 2185 590 2229 erigendi
600 2188 742 2222 oratoria
754 2187 883 2233 publica
892 2212 902 2222 .
931 2189 988 2224 68.
1003 2200 1019 2235 3
1023 2201 1057 2232 9.
1074 2211 1084 2228 ‚
1098 2189 1133 2223 &

132 2278 166 2315 1.
183 2241 502 2324 ιίῗίξῑὲιιῖἰῗιὲἒζῖιετείἰε
525 2279 639 2326 absque
662 2281 788 2327 speciali
808 2283 958 2319 mandato
982 2283 1130 2328 Episcopi

184 2337 250 2361 non
263 2325 367 2370 potest
378 2326 672 2364 dismembrationes
683 2353 695 2370 ,
706 2330 742 2365 &
754 2341 856 2365 novas
870 2330 1131 2367 parochiarum,

185 2372 370 2409 erectiones
385 2376 517 2418 explere
529 2399 539 2409 .
561 2387 617 2422 75.
631 2377 686 2420 58.

132 2422 182 2458 Π.
205 2421 350 2455 Vicarius
362 2422 557 2467 Capitularis
567 2422 650 2457 Sede
665 2423 807 2460 Vacante
821 2424 890 2469 post
912 2425 1032 2471 lapsum
1063 2426 1133 2460 anni

184 2467 291 2516 potest
302 2467 429 2524 visitare
439 2469 612 2505 Ecclesiam
623 2470 827 2507 Patronalem
836 2497 849 2514 ‚
863 2473 899 2509 ὃ(
913 2473 952 2508 ab
966 2484 1005 2508 ea
1014 2474 1132 2520 exige-

133 2522 816 2610 ΙΙ.τῧῖἑξὲἓέεὲζείεεῐῶἑτίζῗοδὲῖὶζναεεηιε
828 2567 969 2603 succedit
981 2568 1014 2603 in
1029 2567 1131 2614 Juris-

185 2610 410 2646 dictionalibus
423 2611 570 2658 Episcopi
584 2638 595 2648 .
621 2625 699 2659 30¹·
727 2627 758 2650 2.

135 2661 186 2698 11.
212 2657 356 2692 Vicarius
368 2659 564 2704 Capitularis
575 2684 586 2701 ,
603 2673 642 2696 an
652 2661 840 2698 confirmare
855 2663 948 2708 poilit
973 2662 1127 2698 donatio-

186 2717 242 2741 nes
253 2705 516 2750 jurispatronatus
527 2731 538 2742 .
550 2720 627 2751 301.
641 2721 689 2749 2.,
701 2710 735 2745 ὅ(
748 2721 819 2755 pag.
835 2722 912 2756 303.
931 2721 944 2744 1
954 2721 986 2755 ς.

134 2755 184 2791 11.
209 2753 354 2787 Vicarius
363 2755 518 2799 generalis
528 2766 592 2791 non
601 2757 706 2801 potest
725 2757 912 2793 confirmare
941 2759 1130 2796 donationes

185 2799 452 2844 jurispatronatus
464 2803 559 2837 etiam
573 2803 698 2839 absente
710 2803 870 2851 Episcopo
892 2805 1011 2853 absque
1032 2806 1128 2849 hujus

189 2847 314 2894 speciali
326 2849 476 2884 mandato
490 2874 501 2885 .
526 2863 571 2896 30
597 2875 607 2885 .
630 2855 684 2888 16.

140 2898 192 2935 11.
218 2895 334 2929 Vicarii
342 2895 486 2940 deputati
499 2899 537 2933 ad
549 2862 673 2934 aduale
684 2901 874 2936 exercitium
903 2900 1001 2936 Curae
1018 2904 1058 2938 ab
1071 2903 1132 2938 ha-

190 2943 338 2978 bentibus
348 2949 470 2982 Curam
483 2944 677 2982 habitualem
696 2947 884 2984 Animarum
899 2971 911 2988 ,
935 2960 994 2984 nec
1022 2962 1130 2986 non-2

190 2990 318 3025 Praelati
333 2989 509 3037 Regulares
521 2993 640 3029 suntad
651 3003 763 3030 nutum
773 2996 964 3032 amovibiles
977 3021 988 3031 .
1007 3009 1086 3042 342.
1101 3011 1132 3033 2.

142 3037 189 3076 11.
213 3037 332 3072 Vicarii
350 3038 523 3084 deputandi
532 3042 563 3075 in
575 3041 740 3078 Parochiis
753 3044 851 3088 pleno
873 3049 952 3091 Jure
980 3043 1130 3085 subjectis

187 3084 390 3121 Monasterio
401 3086 608 3134 Regularium
619 3101 682 3125 non
695 3091 765 3125 sunt
777 3090 948 3135 deputandi
965 3094 1132 3138 perpetui,

188 3133 243 3168 sed
251 3137 448 3178 temporanei
462 3147 535 3170 cum
548 3137 699 3174 consensu
709 3147 812 3174 tamen
824 3138 987 3183 Episcopi,
1001 3141 1036 3175 &
1053 3150 1134 3185 prae-

187 3181 248 3215 vio
260 3182 417 3217 Examine
429 3206 439 3217 .
451 3194 529 3231 343.
545 3195 574 3221 1.
587 3186 643 3225 ,δι
655 3197 734 3233 345.
746 3192 802 3227 6.‚
827 3188 862 3222 &
890 3187 954 3232 seq.
966 3209 978 3227 ‚
997 3188 1032 3223 δι
1059 3199 1135 3235 pag.

191 3241 208 3275 3
216 3238 270 3269 50·
285 3241 303 3264 2
309 3241 340 3275 3.

138 3277 186 3312 11.
211 3277 329 3311 vicarii
340 3276 546 3314 Ecclefiarum
557 3279 838 3326 independentium
851 3306 861 3323 ,
875 3282 928 3316 vel
943 3281 1126 3327 simpliciter
1178 3283 1180 3285 ’

188 3323 344 3359 unitarum
354 3324 542 3362 debentess‘e
564 3330 730 3373 perpetui,
754 3329 842 3364 secus
872 3330 991 3364 vicarii
1016 3331 1128 3365 Eccle-

187 3369 300 3407 siarum
311 3372 351 3407 de
370 3373 474 3407 mensa
487 3397 496 3408 .
516 3387 594 3422 345.
607 3376 640 3409 8.

132 3417 184 3457 11.
204 3417 360 3473 ’Vicarius
372 3421 463 3454 unius
476 3421 642 3458 Parochiae
653 3422 749 3467 pleno
758 3423 834 3464 Jure
860 3425 954 3459 unitae
970 3424 1135 3461 Monaste-

184 3475 469 3507 rio,anexercere
481 3470 577 3515 poffit
599 3470 723 3508 Curam
748 3473 845 3508 etiam
863 3473 993 3508 alterius
1022 3472 1129 3509 Paro-

1249 279 1330 314 chiae
1341 282 1458 324 pariter
1482 285 1576 316 unitae
1589 282 1694 316 eidem
1706 279 1906 317 Monasterio
1920 304 1930 317 .
1956 283 2034 327 346.
2054 291 2107 316 11.
2157 217 2202 280 7

1199 326 1244 362 11.
1268 326 1440 363 Renuente
1452 329 1579 364 Abbate
1589 341 1650 373 pro
1664 340 1856 375 unaquaque
1869 329 2008 363 Ecclesia
2019 329 2199 365 parochiali

1247 375 1347 420 pleno
1358 375 1434 415 Jure
1447 377 1536 410 unita
1555 376 1754 411 Monasterio
1769 377 1922 422 deputare
1931 376 1950 410 s
1945 387 2019 411 uum
2034 378 2199 422 proprium

1245 422 1406 457 Vicarium
1421 446 1433 463 ‚
1446 424 1570 468 poterit
1591 423 1648 458 iste
1673 424 1821 472 deputari
1849 424 1888 458 ab
1912 423 2075 470 Episcopo
2089 448 2099 459 .
2122 437 2201 472 347.

1250 473 1306 507 16.

1197 514 1242 550 11.
1268 517 1413 552 Vicarius
1441 526 1615 566 perpetuus
1636 516 1758 554 adstare
1794 517 1900 562 potest
1926 517 2063 563 Syncdo
2080 542 2090 554 .
2116 530 2197 565 353.

1267 576 1302 599 ο.

1194 576 1262 648 11.3
1273 612 1416 647 Vicarius
1449 614 1605 657 generalis
1650 612 1798 659 Episcopi
1843 611 1949 656 potest
1973 613 2193 650 consentire.)

1243 659 1452 694 reservationi
1463 660 1732 706 jurispatronatus
1743 659 1915 702 ,fihabeat
1939 658 2073 704 speciale
2104 673 2193 697 man-

1243 706 1353 741 datum
1367 707 1519 752 Episcopi
1538 731 1548 742 .
1573 709 1651 750 580.
1667 709 1700 744 8.

1194 754 1257 791 1V.
1283 754 1431 788 Vicarius
1443 764 1615 800 perpetuus
1626 756 1831 801 praesentatus
1846 754 1885 789 ad
1899 752 2069 789 Ecclesiam
2090 754 2195 791 Paro-

1242 801 1378 839 chialem
1392 801 1584 846 spe<stantem
1606 805 1646 838 ad
1675 803 1854 850 Regulares
1868 826 1878 843 ,
1903 814 1940 837 an
1963 810 2107 837 teneatur
2127 803 2193 839 se)

1241 849 1445 884 conformare
1469 850 1760 886 Constitutionibus
1785 850 2000 894 Synodalibus
2014 872 2025 888 ‚
2049 851 2084 885 &
2106 850 2195 884 ordi-

1241 897 1422 932 nationibus
1437 896 1584 943 Episcopi
1598 899 1731 945 ‚quoad
1748 898 1855 934 omnia
1878 898 1909 931 in
1932 897 2043 931 ordine
2071 897 2111 932 ad
2135 897 2195 932 Sa-

1239 953 1474 981 cramentorum
1489 945 1792 982 administrationem
1807 969 1819 987 ‚
1845 946 1879 981 &
1906 945 2031 979 Curam
2055 945 2190 980 Anima-

1241 1005 1312 1029 rum
1328 1017 1338 1027 .
1382 1004 1413 1038 5.
1432 994 1484 1029 18.

1194 1040 1235 1076 V.
1263 1005 1406 1076 Vicarius
1417 1041 1615 1087 Capitularis
1632 1042 1715 1078 Sede
1727 1040 1907 1088 Episcopali
1920 1049 2065 1081 vacante,
2079 1050 2192 1086 quasn-

1241 1090 1291 1124 vis
1302 1100 1364 1123 non
1379 1089 1471 1134 poffit
1497 1090 1644 1125 conferre
1671 1090 1833 1125 Beneficia
1853 1088 1962 1123 liberae
1985 1089 2165 1123 collationis
2180 1111 2192 1127 ,

1240 1135 1346 1182 potest
1359 1145 1466 1171 tamen
1478 1136 1640 1172 instituere
1660 1138 1871 1173 Praesentatos
1883 1160 1893 1175 ‚
1909 1137 1944 1171 ἃ
1961 1136 2118 1171 Patronus
2130 1146 2192 1180 po-

1239 1183 1298 1219 test
1309 1194 1417 1265 egram
1431 1185 1501 1230 ipso
1513 1185 1619 1220 valide
1628 1186 1816 1231 praesentare
1829 1207 1839 1218 .
1865 1183 1921 1217 88.
1936 1193 1965 1218 1.
1989 1184 2020 1218 &
2051 1183 2114 1229 seq.
2126 1206 2137 1223 ,
2155 1183 2191 1218 &

1261 1243 1312 1277 ag.
1347 1244 1383 1275 9.
1400 1243 1431 1274 5.

1195 1243 1406 1314 V.pVicarius
1419 1279 1613 1324 Capitularis
1625 1304 1636 1321 ‚
1650 1280 1673 1314 fi
1685 1279 1844 1316 institutio
1855 1276 1978 1324 spectet
1996 1276 2034 1312 ad
2056 1276 2192 1311 inferio-

1239 1338 1305 1362 rem
1319 1348 1329 1366 ‚
1340 1326 1444 1371 potest
1456 1327 1677 1372 praesentatum
1699 1332 1880 1363 examinare
1896 1348 1906 1360 .
1923 1325 1981 1359 88.
1997 1336 2027 1370 3.

1194 1374 1237 1410 V.
1261 1373 1372 1413 Maior
1387 1386 1459 1420 pars
1468 1374 1634 1420 Capituli,
1655 1374 1679 1408 fi
1692 1376 1791 1421 eligat
1813 1385 1879 1408 non
1907 1371 2113 1411 Donorem,
2133 1380 2193 1405 nec

1237 1422 1434 1457 licentiatum
1446 1423 1476 1455 in
1487 1425 1568 1468 Jure
1580 1422 1764 1470 :Canonico
1789 1424 1821 1457 in
1841 1419 2003 1454 Vicariurn
2024 1420 2194 1464 Capitula-

1238 1480 1306 1504 rem
1321 1493 1333 1510 ,
1345 1469 1467 1505 electio
1479 1468 1524 1503 est
1543 1471 1626 1505 nulla
1638 1493 1647 1504 .
1674 1470 1731 1515 89.
1753 1483 1788 1516 7.
1806 1469 1842 1503 &
1866 1478 1925 1513 90.
1959 1476 2010 1500 11.
2036 1467 2167 1514 Amplia
2181 1489 2193 1499 .

1194 1564 1236 1599 V.
1262 1564 1392 1602 Eletstio
1404 1565 1522 1600 Vicarii
1534 1565 1729 1611 Capitularis
1742 1565 1825 1602 facta
1846 1574 1906 1610 per
1925 1571 2006 1598 vota
2025 1562 2189 1608 publica..

1239 1625 1304 1649 non
1320 1612 1486 1648 sustinetur
1498 1636 1508 1646 .
1532 1615 1587 1657 89.
1596 1627 1632 1658 9.
2026 1631 2029 1635 ⁴

1190 1661 1234 1697 V.
1259 1660 1388 1695 Eleciio
1403 1661 1522 1695 Vicarii
1535 1659 1731 1706 capitularis
1746 1657 1830 1694 facta
1841 1657 1858 1692 ὲ
1868 1659 1993 1694 minore
2010 1667 2100 1705 parte
2122 1658 2192 1694 Ca-

1238 1707 1331 1756 pituli
1346 1708 1392 1742 est
1405 1709 1492 1743 nulla
1505 1711 1519 1742 .’
1530 1708 1586 1751 89.
1601 1719 1655 1742 10.
1666 1731 1677 1748 ‚
1705 1706 1812 1753 &seq.

1193 1756 1234 1792 V.
1261 1755 1404 1791 Vicarius
1414 1755 1611 1801 Capitularis
1623 1754 1704 1788 Sede
1716 1762 1849 1788 vacante
1860 1753 1985 1788 vifitare
1994 1753 2099 1800 potest
2117 1765 2190 1790 cum

1238 1803 1405 1840 assistentia
1412 1803 1644 1849 deputatorum
1655 1802 1878 1843 Seminarium,
1894 1802 2026 1848 quoties
2037 1801 2190 1837 voluerit.

1242 1852 1317 1886 ¹18.
1355 1875 1366 1886 .

1190 1901 1234 1936 V.
1261 1863 1405 1935 Vicfrius
1420 1901 1569 1946 Episcopi
1581 1911 1645 1935 non
1659 1897 1766 1945 potest
1781 1896 1887 1933 valide
1915 1897 2004 1932 unire
2026 1897 2189 1933 Beneficia

1236 1947 1492 1989 Praebendis‚&
1505 1947 1777 1987 CanonIcatibus‚
1797 1957 1901 1992 neque
1929 1944 1991 1980 hos
2015 1945 2190 1991 supprime-

1235 2006 1271 2030 re
1284 2019 1294 2029 .
1312 2005 1326 2028 1
1357 2007 1391 2030 0.
1407 2008 1460 2038 27.

1192 2042 1234 2078 V.
1261 2007 1404 2078 Vicaiius
1415 2044 1595 2089 capitularis
1609 2043 1692 2078 Sede
1703 2042 1884 2089 Episcopali
1898 2049 2032 2076 vacante
2045 2053 2109 2076 non
2123 2043 2186 2087 po-’

1236 2089 1295 2124 test
1313 2090 1419 2125 valide
1431 2092 1522 2125 unire
1536 2091 1708 2131 Beneficia,
1723 2091 1898 2136 praebendis
1912 2113 1922 2130 ‚
1936 2091 1977 2125 &
2002 2089 2187 2124 Canonica-

1236 2138 1322 2172 tibus
1335 2162 1344 2178 ,
1357 2149 1461 2184 neque
1475 2137 1536 2173 hos
1562 2138 1758 2184 supprimere
1768 2163 1777 2172 .
1806 2149 1882 2183 150.
1897 2149 1951 2183 27.

1194 2187 1236 2221 V.
1261 2186 1364 2231 Qod
1387 2186 1535 2220 Vicarius
1545 2185 1690 2220 Ecclefiae
1705 2185 1901 2221 Parochialis
1914 2184 2011 2217 unitae
2023 2183 2188 2220 Monaste-

1235 2234 1286 2269 rio
1315 2233 1541 2268 denominetur
1562 2233 1727 2268 Parochus
1741 2258 1752 2274 ,
1777 2245 1839 2267 non
1871 2231 2012 2267 excludit
2047 2232 2188 2277 pofitivc':

1235 2282 1385 2317 unionem
1403 2304 1413 2314 .
1441 2285 1515 2316 161.
1533 2294 1585 2325 ¹9·
1598 2281 1729 2326 Amplia
1738 2290 1773 2315 ut
1782 2280 1831 2316 ibi
1845 2292 1901 2316 20.

1191 2329 1234 2365 V.
1261 2329 1404 2364 Vicarius
1417 2328 1625 2374 Apostolicus
1648 2329 1666 2363 a
1685 2329 1818 2363 Summo
1841 2328 1998 2363 Pontifice
2017 2326 2187 2372 deputatus

1232 2375 1556 2423 obingravescentem
1568 2385 1695 2411 aetatem
1707 2375 1855 2421 Episcopi
1878 2377 2065 2420 praeeligere
2082 2375 2186 2421 potest

1195 2442 1202 2445 ”
1237 2427 1321 2460 inter
1334 2423 1528 2470 approbatos
1541 2424 1580 2458 ab
1592 2422 1872 2458 Examinatoribus
1898 2423 2113 2467 synodalibus
2137 2424 2189 2458 di-

1236 2474 1384 2519 gniorem
1400 2496 1410 2511 ,
1427 2471 1481 2505 seu
1502 2471 1681 2506 idoniorem
1695 2472 1829 2510 ,&ejus
1843 2469 2028 2516 praeelectio
2057 2470 2189 2506 sustine-

1237 2529 1288 2554 tur
1299 2519 1339 2554 ad
1353 2517 1568 2554 exclusionem
1594 2516 1829 2564 praeelectionis
1852 2517 1943 2553 fafiae
1966 2518 2005 2552 ab
2027 2516 2188 2564 Episcopo

1237 2568 1341 2602 Sene.
1361 2577 1374 2600 1
1407 2579 1435 2601 2.
1450 2579 1467 2601 2
1493 2590 1502 2600 .
1837 2577 1839 2579 ’

1189 2616 1232 2651 V.
1257 2580 1403 2650 Vicariu7s
1413 2614 1452 2649 ad
1470 2580 1534 2648 i710c
1547 2623 1582 2650 ut
1593 2614 1871 2660 valide'praestare
1892 2613 1985 2659 poffit
2005 2613 2188 2649 consensum

1237 2662 1722 2710 reservationijurispatronatus
1733 2664 1766 2697 in
1789 2662 1994 2698 Canonicatu
2013 2664 2186 2708 requiritur

1237 2710 1376 2756 specialis
1391 2709 1554 2756 delegatio
1569 2711 1735 2756 Episcopi.
1754 2721 1830 2752 192.
1847 2722 1901 2754 29.

1187 2759 1231 2794 V.
1256 2759 1403 2792 Vicarius
1415 2758 1582 2804 delegatus
1598 2758 1885 2793 adauctorizandas
1911 2758 2112 2793 fundationes
2134 2756 2191 2798 Ju-

1237 2805 1465 2850 rispatronatus
1482 2805 1585 2850 potest
1598 2805 1703 2840 valide
1712 2805 1796 2840 suam
1811 2805 2036 2841 auctoritatem
2049 2807 2191 2850 interpo-

1237 2865 1313 2888 nere
1325 2866 1387 2888 non
1401 2854 1502 2888 solnm
1515 2854 1546 2887 in
1562 2853 1750 2889 fundatione
1771 2853 1926 2888 Beneficii
1952 2853 2114 2899 simplicis,
2134 2851 2189 2886 sed

1237 2902 1334 2936 etiam
1348 2901 1567 2936 Canonicatus
1586 2912 1665 2944 192.
1685 2914 1761 2946 32.,
1787 2903 1820 2936 &
1838 2901 1905 2947 seq.

1188 2951 1250 2987 V1.
1276 2948 1393 2984 Vicarii
1409 2949 1617 2983 Ecclefiarum
1643 2948 1880 2984 Parochialium
1904 2951 2062 2985 unitarum
2083 2947 2186 2991 depu-

1236 2997 1297 3031 tari
1312 2997 1429 3032 debent
1439 2997 1479 3031 ad
1492 2996 1740 3032 nominationem
1753 2997 1879 3031 illorum
1892 3021 1903 3038 ‚
1919 2999 2100 3044 inquorum
2125 2997 2190 3029 Ec—

1236 3043 1337 3079 clefiis
1353 3045 1448 3079 unitis
1473 3053 1634 3090 ponuntur
1655 3046 1778 3089 praevio
1789 3047 1956 3085 examine,
1985 3047 2019 3082 &
2032 3043 2191 3090 approba-

1237 3093 1326 3126 tione
1338 3093 1486 3137 Episcopi
1499 3116 1508 3126 .
1525 3105 1600 3135 292.
1626 3094 1659 3127 in
1689 3102 1857 3127 comment.

1191 3142 1251 3178 VI·
1278 3144 1316 3175 ln
1344 3140 1500 3174 Undecim
1511 3140 1659 3174 Ecclefiis
1673 3142 1777 3176 Almae
1805 3141 1897 3175 Urbis
1923 3139 2096 3186 deputandi
2120 3138 2189 3172 sunt

1238 3187 1378 3222 totidem
1391 3187 1670 3232 Vicariiperpetui
1685 3188 1852 3233 ‚affignata
1876 3190 1946 3228 ejus
1974 3199 2116 3232 congrua
2140 3185 2192 3220 su-

1238 3234 1427 3269 stentatione
1441 3235 1479 3269 ad
1508 3237 1759 3270 nominationem
1783 3236 1952 3274 cujuslibet
1978 3235 2119 3279 Capituli
2146 3245 2190 3267 ex

1238 3281 1354 3317 eisdem
1368 3282 1512 3317 Ecclesiis
1525 3284 1647 3327 praevio
1663 3284 1819 3318 Examine
1827 3295 1934 3318 coram
1949 3281 2189 3317 Examinatori—

1239 3330 1338 3364 busin
1355 3331 1440 3364 Urbe
1448 3329 1608 3374 deputatis
1623 3354 1631 3363 .
1648 3342 1724 3372 292.
1739 3332 1771 3365 in
1800 3333 1975 3364 Comment.

1191 3375 1248 3411 VI.
1273 3376 1307 3412 In
1322 3377 1559 3412 parochialibus
1571 3379 1752 3423 plenoJure
1765 3378 1858 3412 unitis
1873 3377 2077 3411 Monasseriis
2098 3387 2189 3410 men·

1237 3424 1432 3464 dicandum,
1464 3425 1498 3459 &
1524 3424 1760 3460 Monachorum
1779 3426 1958 3465 nominari,
1985 3427 2020 3459 &
2043 3422 2190 3468 deputari

1237 3475 1362 3519 possunt
1374 3473 1621 3520 &superioribus
1634 3472 1750 3507 Vicarii
1763 3474 1942 3517 Regulam-es
1955 3473 2077 3517 proprii
2098 3470 2195 3504 ordi-

1805 3531 1826 3565 g
1838 3531 1858 3566 g
2142 3517 2190 3552 nis
