2392 3736
625 147 726 209 De
737 147 1256 242 Jurepatrona'tus
1287 146 1424 209 Par.
1450 146 1553 211 VI.

134 229 253 298 prisia
277 239 517 293 Jacometto
544 235 657 277 illius
677 235 911 276 Donatario
938 232 1058 288 super

134 297 440 352 adjudicatione
454 293 648 336 Beneficii
663 294 704 334 S.
716 293 950 347 Margaritae
963 307 1057 336 ere-

134 362 190 404 ai
201 361 243 401 in
255 357 544 400 executionem
563 355 638 408 piae
653 351 931 408 dispositionis
945 354 1054 395 Mar-

132 419 273 475 garitae
303 414 450 456 Landae
473 412 598 455 arrisit
614 411 802 468 Josepho
834 412 887 453 de
902 413 1054 468 Sylve-

129 479 218 521 stris
237 471 450 530 Judicium
477 473 589 515 Sacri
601 472 815 514 Auditorii
842 469 970 528 usque
999 471 1053 513 ad

129 533 508 595 promulgationem
519 531 729 574 sententiae
744 544 884 573 coram
897 532 1053 573 R.P.D.

132 609 227 638 meo
245 591 420 636 Foscaro
441 593 601 648 praeviis
621 591 909 633 Decisionibus
925 591 1052 632 editis

129 653 203 697 sub
230 653 378 695 diebus
413 663 452 702 3.
465 652 570 708 Julii
601 663 724 702 1717·
748 655 787 694 &
826 663 842 689 1
857 663 891 690 1.
908 650 1053 692 Martii

132 715 227 756 anni
240 711 434 768 praeteriti
447 738 462 759 ‚
490 711 541 752 ad
558 711 638 751 hoc
655 710 897 765 impellente
913 723 962 750 ea
975 724 1053 764 po-

131 773 275 816 tiffima
290 773 452 814 ratione
465 798 479 818 ,
504 769 619 827 quod
634 770 893 811 Fundatricis
907 769 1054 811 volun-

130 845 193 875 tas
208 862 220 880 ,
235 832 333 874 licet
343 831 456 883 juxta
469 829 716 871 Testamenti
732 841 920 870 tenorem
937 842 1052 884 aper-

127 892 271 935 tissima
292 905 367 946 pro
383 889 632 931 restric‘tione
649 890 762 944 Juris
778 886 1049 944 praesentandi

128 953 180 993 ad
197 949 308 992 solos
326 949 433 991 filios
451 977 466 997 ‚
479 952 517 991 δι
531 946 829 990 descendentes
846 946 1049 990 masculos

129 1009 291 1053 suorum
310 1009 512 1050 haeredum
526 1037 540 1055 ,
571 1007 639 1049 vel
658 1011 840 1050 corre-§ta
856 1006 981 1049 fuerit
1005 1008 1049 1049 in

127 1069 354 1114 Codicillis
370 1069 504 1123 postea
519 1067 700 1109 conditis
717 1095 731 1115 ,
754 1069 858 1108 acin
874 1068 1051 1109 ereffio-

40 1147 43 1157 ·
79 1151 81 1153 ·
127 1142 179 1170 ne
190 1126 295 1180 juris
290 1140 529 1183 patronatus
546 1127 647 1168 fieta
665 1128 909 1170 auctoritate
922 1125 1047 1167 Ordi-

126 1190 261 1237 narii,
294 1189 363 1229 vel
391 1185 532 1229 saltem
562 1200 643 1227 non
670 1187 785 1228 leves
809 1186 1047 1228 involveret

122 1246 386 1290 difficultates
403 1247 586 1302 praelatio
600 1243 763 1287 masculi
789 1245 831 1287 in
845 1243 1048 1287 exclusio·

123 1321 217 1349 nem
244 1306 423 1350 foeminae
454 1305 625 1346 alterius
653 1305 801 1352 lineae‚
821 1305 1050 1361 quodque)

124 1363 298 1422 praesens
315 1362 594 1407 controversia
609 1376 804 1419 ageretur
818 1365 928 1407 inter
941 1377 1049 1418 prae-

122 1424 307 1468 sentatos
336 1424 378 1464 in
412 1421 583 1479 simplici
598 1421 836 1478 possessorio
851 1451 864 1472 ,
896 1435 1049 1480 atquc:

121 1486 221 1527 ideo
237 1496 321 1526 non
337 1482 441 1524 alias
458 1482 688 1524 dirimenda
700 1480 799 1524 esset
812 1510 825 1530 ,
854 1483 979 1540 quam
997 1481 1052 1524 ad

120 1543 294 1588 formam
321 1542 456 1584 ultimi
473 1542 599 1583 status
628 1555 678 1584 ex
694 1539 868 1597 persona
885 1541 1052 1584 Franci-

120 1601 176 1645 sci
197 1603 328 1645 Patris
347 1601 551 1642 affistentis
571 1601 811 1658 Hippolytae
824 1629 838 1642 .
869 1602 1051 1642 Verum„

117 1664 160 1705 in
178 1664 252 1704 hac
265 1662 575 1705 novainstantia
589 1661 641 1701 ad
662 1675 726 1702 me
748 1660 1051 1708 devoluta‚ex-

118 1722 256 1779 posito
275 1722 459 1776 negocio
474 1720 734 1776 diligentiori
748 1720 928 1769 trutinoe‚
953 1720 1048 1762 cum

119 1794 172 1823 ex
186 1782 450 1822 documentis
476 1793 581 1821 nunc
598 1778 870 1835 superadditis
890 1807 904 1827 ,
927 1779 1049 1821 dete-

118 1845 181 1884 &a
194 1841 319 1882 fuerit
337 1839 560 1882 earundem
579 1842 784 1881 rationum
799 1835 1051 1880 insubsisten-

117 1902 177 1942 tia
189 1929 203 1946 ‚
223 1900 393 1941 Domini
408 1911 696 1942 convenerunt
710 1902 751 1942 in
763 1895 958 1956 responso
969 1911 1047 1955 pro

113 1958 413 2002 informatione
429 1957 638 2001 sententiae
658 1987 671 1999 .

175 2020 302 2072 Quod
315 2020 423 2060 enim
450 2016 622 2074 praesens
637 2019 818 2076 litigium
850 2030 933 2061 non
951 2031 1047 2060 ver·

114 2075 225 2120 setur
242 2081 284 2120 in
299 2092 414 2119 mero
431 2075 670 2134 possessorio
685 2106 699 2126 ‚
723 2077 803 2120 five
819 2078 926 2120 inter
937 2078 1045 2119 duos

113 2134 382 2193 praesentatos
396 2137 694 2179 institutionem
711 2149 903 2192 petentes
917 2166 929 2184 ,
944 2137 1044 2179 faei-

113 2198 155 2238 le
176 2197 386 2253 pandebat
404 2197 515 2238 illius
530 2198 737 2239 instructio
750 2195 885 2239 secuta
901 2210 1041 2238 coram

111 2255 283 2299 Vicario
304 2255 501 2297 Generali
533 2256 750 2299 Placentiae
784 2257 871 2309 post
895 2257 1042 2311 exple-

113 2326 197 2357 tam
215 2329 351 2362 unam,
364 2326 492 2372 atque
502 2316 671 2356 alteram
686 2312 1041 2370 praesentationem

112 2374 168 2419 ab
183 2387 446 2432 unoquoque
461 2375 665 2416 Patrono:
693 2375 757 2417 Isti
774 2375 928 2431 quippe
959 2375 1044 2430 pri-

0 2455 9 2470 »2
29 2430 47 2476 -ἐ
110 2435 267 2482 mario,
298 2438 335 2477 &
355 2434 830 2490 principaliteregerunt
845 2429 1040 2490 superju-

109 2492 405 2549 rispatronatus
421 2494 671 2548 pertinentia
683 2520 696 2539 ,
711 2493 951 2535 exhibendo
964 2494 1037 2535 in.-

110 2553 209 2594 astis
225 2553 324 2603 jura,
342 2566 433 2610 quae
448 2553 558 2594 illam
571 2553 872 2595 concluderent
883 2579 897 2600 ‚
911 2566 958 2595 ac
973 2550 1036 2594 su-

110 2624 184 2666 pet
199 2613 343 2654 eadem
359 2613 611 2666 pertinentia
625 2610 964 2667 jurispatronatus
976 2613 1034 2655 in.

110 2671 343 2713 tet-locutus
372 2665 452 2713 fuit
481 2672 670 2713 Vicarius
694 2671 915 2713 Generalis
943 2671 1034 2723 ejus

108 2727 328 2776 sententia,
345 2743 425 2787 qua
440 2732 731 2785 pronunciavit
749 2728 1035 2784 praesentatio-

47 2812 49 2821 ·
106 2802 199 2833 nem
230 2789 484 2833 Marehionis
499 2789 684 2833 Verzusii
698 2791 866 2832 Birettae
882 2789 1031 2839 Landi,

48 2866 49 2871 ¹
107 2860 317 2906 tamquam
335 2846 477 2891 factam
496 2849 519 2890 a
539 2864 640 2893 vero
657 2878 670 2898 ,
685 2853 723 2891 &
741 2850 1032 2903 unico‘legiti-

47 2926 49 2939 ¹
106 2921 176 2951 mo
193 2910 379 2951 Patrono
398 2908 496 2951 dieti
511 2907 721 2956 Beneficii,
738 2909 916 2951 validam
930 2905 1027 2950 fuis:-

102 2964 147 3010 se
163 2995 177 3016 ,
194 2972 233 3011 δε
251 2965 329 3011 esse
344 2996 358 3016 ‚
378 2967 518 3010 valere
531 2996 546 3017 ‚
562 2971 600 3012 δι
614 2981 757 3012 tenere
773 2968 929 3010 debere
944 2972 1027 3011 &c.

103 3040 188 3070 non
204 3026 464 3070 obstantibus
483 3027 669 3070 deduffls
692 3043 768 3084 pro
783 3039 898 3083 parte
909 3025 1028 3079 Iose-

102 3087 174 3144 phi
189 3087 243 3129 de
258 3086 477 3143 sylvestris
491 3088 718 3135 nominati,
734 3093 772 3130 &
794 3084 1027 3143 praesentati

102 3147 156 3189 ad
183 3146 293 3188 idem
307 3145 558 3189 Beneficium
589 3149 949 3202 perJaeomettum
965 3145 1027 3189 as-

102 3201 252 3249 sertum
266 3205 548 3249 cessionarium
571 3206 796 3249 Comitissae
813 3207 1027 3263 Hippoly-

103 3276 154 3307 τε
175 3266 324 3308 Landae
337 3265 477 3317 ,cujus
494 3267 823 3309 nominationem
836 3295 850 3314 ‚
867 3270 906 3308 δι
927 3279 1030 3322 prae-

102 3321 375 3367 sentationem
388 3353 402 3374 ,
423 3326 571 3382 utpote
587 3326 884 3382 procedentem
900 3326 924 3368 a
940 3340 1030 3380 per-

101 3380 215 3428 sonis
242 3383 476 3439 nuuumjus
491 3385 765 3437 nominandi,
796 3390 837 3430 &
851 3383 1029 3445 praesen-

889 3491 900 3509 K

1173 234 1292 277 tandi
1308 234 1585 280 habentibus,
1600 233 1748 284 rejecit
1763 235 1865 278 ideo
1879 263 1894 284 ,
1910 248 1957 276 ae
1971 238 2107 279 omni-

1173 296 1230 337 no
1243 294 1471 336 invalidam
1486 320 1500 340 ‚
1517 297 1556 336 δε
1573 291 1896 336 insubsistentem
1914 295 2102 336 declara.-

1169 355 1258 400 vit3
1285 354 1327 393 in
1354 353 1508 408 quibus
1532 350 1719 406 profec'to
1752 355 1940 396 terminis
1970 355 2104 396 nenti>-

1170 426 1295 470 quam
1310 409 1490 454 sustineri
1507 410 1641 465 potest
1656 439 1668 457 ,
1701 412 1903 454 Patronos
1921 411 2105 455 adhaesis-

1170 471 1211 514 se
1227 472 1442 514 dumtaxat
1457 470 1706 511 institutioni
1723 472 1864 524 petitae
1890 472 1941 512 ab
1957 486 2103 514 eorum

1170 530 1430 588 praesentaris
1448 558 1461 578 ,
1491 541 1535 570 ut
1567 529 1667 570 inde
1699 530 1903 570 immutari
1927 544 2008 571 non
2026 546 2105 585 po..

1172 593 1298 632 tuerit
1314 589 1623 644 naturaJudicii
1641 585 1888 642 possessorii,
1905 586 1975 630 sed
1991 603 2105 631 com·-

1171 648 1343 707 paruisse
1360 649 1583 691 dicendum
1600 648 1654 689 est
1669 662 1744 702 pro
1759 650 1940 690 tuitione
1950 650 2106 703 princi·-

1170 710 1256 765 pali
1272 723 1414 751 eorum
1429 706 1772 762 jurispatronatus
1789 735 1802 754 ‚
1835 707 2104 764 nullumque.-

1169 770 1232 811 isti
1248 771 1400 811 astioni
1430 770 1489 809 ita
1504 767 1746 809 introduc‘tae
1764 764 1881 822 super
1897 767 2102 822 petitorio

1168 831 1307 884 potuit
1323 828 1601 884 praejudicium
1616 826 1759 867 inferri
1771 826 1794 868 a
1810 827 1941 868 dubio
1955 828 1996 868 in
2015 827 2104 867 Ro-

1168 900 1212 929 ta
1227 885 1437 943 disputato
1465 885 1583 941 supet·
1615 885 1926 935 adjudicatione
1937 884 2104 928 Benefi«

1170 948 1224 988 cii
1241 975 1254 994 ,
1284 949 1432 1003 utpote
1466 946 1581 1002 quod
1602 944 1768 1000 respicit
1797 947 1921 987 etiam
1940 948 2102 1002 petito-

1168 1008 1273 1048 rium
1286 1034 1299 1054 ‚
1331 1008 1399 1047 ubi
1417 1008 1583 1047 Patroni
1597 1004 1678 1055 jam
1692 1018 1807 1047 erant
1824 1006 1865 1047 in
1883 1004 2002 1047 causa
2018 1034 2031 1053 ,
2062 1009 2104 1048 &

1167 1065 1428 1116 adjudicatio
1444 1062 1731 1119 disputabatur
1745 1066 1786 1104 in
1805 1065 1936 1120 gradu
1951 1065 2098 1121 appel-

1166 1125 1340 1168 lationis
1357 1125 1380 1166 ἐι
1396 1121 1596 1166 sententia
1613 1125 1697 1165 lata
1713 1125 1753 1166 in
1768 1126 1989 1178 petitorio,
2007 1125 2102 1167 cum

1166 1185 1396 1241 appellatio
1428 1197 1511 1226 non
1531 1180 1690 1225 causam
1706 1212 1719 1231 ‚
1756 1180 1826 1224 sed
1843 1183 2104 1226 instantiam..-

1168 1243 1463 1287 tantummodo
1477 1241 1747 1290 diversificet,
1762 1246 1850 1283 Rot.
1862 1256 1939 1284 cor.
1955 1244 2103 1285 Coccin.

1167 1305 1350 1357 decis242.
1365 1304 1512 1343 num.6.
1525 1301 1574 1345 &¹
1587 1301 1698 1354 decisi
1708 1315 1726 1352 7
1736 1304 1774 1343 8.
1786 1316 1887 1343 num.
1897 1314 1913 1341 1
1923 1316 1962 1343 0.
1977 1301 2026 1344 ά·
2039 1303 2106 1342 de-

1168 1363 1231 1418 cij:
1258 1376 1353 1415 123.
1370 1377 1474 1406 num.
1493 1377 1534 1412 9.
1562 1361 1681 1403 Licet
1708 1362 1761 1402 de
1777 1375 1927 1403 caetero
1944 1361 2104 1404 tametsi

1168 1423 1353 1466 standum
1367 1419 1464 1464 essct
1484 1420 1595 1479 quasi
1610 1417 1840 1476 possessioni
1858 1419 2104 1475 praesentan-

1169 1483 1212 1524 di
1227 1483 1324 1524 dicti
1338 1480 1539 1524 Francisci
1553 1509 1565 1528 ,
1582 1492 1759 1522 attamen
1780 1494 1872 1523 cum
1895 1481 1966 1522 illa
1981 1480 2105 1523 inhae-

1170 1539 1266 1592 serit
1278 1542 1471 1600 qualitati
1489 1538 1799 1582 masculinitatis
1815 1569 1828 1588 ,
1853 1541 1950 1582 dum
1976 1554 2104 1582 voca·

1170 1604 1234 1644 tio
1263 1615 1315 1643 ex
1328 1599 1436 1642 infra
1452 1601 1642 1642 dicendis
1675 1600 1852 1642 resti-ista
1867 1599 1945 1642 fuit
1963 1602 2014 1642 ad
2033 1598 2103 1643 so-

1170 1663 1237 1704 los
1252 1658 1456 1703 masculos
1471 1660 1513 1701 in
1528 1659 1610 1701 hoc
1624 1659 1958 1714 jurepatronatus
1972 1689 1985 1708 ,
2016 1661 2102 1701 uti-

1169 1735 1254 1779 que
1268 1721 1395 1762 haeres
1410 1748 1422 1767 ‚
1448 1732 1540 1776 quae
1571 1719 1677 1760 did‘ta
1696 1720 1898 1775 qualitate
1913 1717 2104 1760 masculi-

1170 1794 1223 1823 na
1239 1793 1324 1822 non
1343 1779 1477 1836 pollet
1491 1805 1505 1826 ‚
1531 1791 1607 1820 nec
1622 1777 1732 1835 quasi
1749 1777 1987 1833 possessione
2002 1778 2100 1821 ista.»

1169 1839 1353 1883 defunCti
1381 1838 1515 1892 juvari
1546 1839 1707 1879 valeret
1722 1865 1736 1884 ‚
1765 1837 1818 1879 ad
1853 1849 1997 1880 notata
2027 1851 2103 1893 per

1167 1904 1309 1942 Rotam
1337 1897 1378 1939 in
1406 1897 1621 1949 Cafirtana
1648 1896 1828 1951 Beneficii
1863 1909 1932 1946 27.
1950 1896 2103 1939 Martii

1173 1971 1224 2010 17
1237 1970 1300 2006 ις.
1317 1962 1353 2005 ς.
1373 1957 1488 1999 Ratio
1501 1983 1516 2004 ‚
1548 1971 1625 1997 cor.
1643 1951 1938 2013 Eminentiffi'mo
1953 1959 2098 2006 Scotto,

1169 2018 1218 2062 ὰ
1244 2018 1286 2058 in
1300 2021 1324 2058 8
1330 2017 1551 2058 aler-nicam
1565 2015 1918 2074 Jurispatronatus
1940 2029 1955 2056 1
1966 2029 2006 2068 3.
2022 2016 2102 2075 Ja-

1166 2077 1300 2119 nuarii
1318 2089 1368 2127 17
1380 2081 1446 2118 16.
1474 2080 1512 2123 §-
1526 2079 1644 2118 Certa
1667 2089 1796 2117 coram
1823 2080 1873 2119 R.
1888 2079 1933 2117 P.
1949 2081 2003 2121 D.
2019 2089 2101 2118 meo

1165 2137 1296 2190 Crispo
1309 2165 1322 2177 .

1221 2196 1281 2238 Re
1308 2198 1453 2254 itaque
1483 2194 1679 2251 perducta
1705 2195 1757 2236 ad
1779 2207 1951 2236 examen
1968 2196 2100 2250 perti-

1161 2257 1312 2298 nentiae
1330 2254 1697 2310 jurispatronatus,
1730 2254 1953 2296 videbatur
1972 2255 2092 2298 illico

1162 2318 1298 2357 omnis
1316 2315 1486 2371 quaestio
1503 2311 1640 2355 decisa
1665 2327 1715 2355 ex
1735 2311 1817 2369 ipsa
1829 2311 2097 2368 dispositione

1161 2375 1396 2430 Margaritae
1414 2373 1674 2415 Fundatricis
1687 2389 1697 2414 ε
1711 2373 1787 2414 Illa
1805 2374 1913 2415 enim
1931 2371 2096 2429 scriptis

1154 2433 1229 2476 sibi
1243 2435 1286 2475 in
1302 2434 1487 2475 haeredes
1517 2447 1593 2486 pro
1609 2432 1757 2487 aequali
1774 2431 1969 2474 Verzusio
1985 2435 2096 2476 Lan-

1155 2494 1212 2535 do
1228 2494 1315 2544 ejus
1327 2491 1472 2539 fratte,
1485 2494 1524 2533 &
1538 2487 1753 2532 Francisco
1769 2503 1821 2532 ex
1837 2489 2015 2534 Ascanio
2031 2492 2096 2535 al-

1154 2565 1247 2595 tero
1263 2550 1390 2593 fratre
1403 2563 1655 2607 praemortuo
1670 2562 1823 2605 nepote
1838 2578 1851 2598 ,
1879 2551 1977 2592 illos
2009 2552 2095 2593 eri-

1153 2626 1254 2668 gere
1267 2612 1454 2668 gravavit
1470 2609 1555 2651 duo
1573 2607 1777 2651 beneficia
1791 2606 2093 2666 jurispatrona-

1153 2684 1220 2713 tus
1232 2670 1410 2712 Laicalis
1428 2697 1442 2717 ,
1470 2668 1528 2709 ita
1541 2669 1645 2722 quod
1658 2669 1870 2710 nominatio
1886 2698 1899 2718 ,
1927 2669 1977 2712 &-
1987 2682 2090 2722 pra..

1146 2729 1325 2785 fintatio
1341 2728 1572 2772 clericorum
1588 2728 1671 2770 &c-
1698 2729 1755 2769 ad
1763 2728 1872 2770 dift'a
1888 2729 2090 2783 beneficia,

1156 2790 1206 2834 ὰ
1219 2791 1275 2831 ad
1289 2788 1485 2843 quodlibet
1501 2788 1780 2841 eorumspenet
1790 2816 1804 2837 ‚
1831 2787 2092 2843 &pertineas

1147 2851 1203 2893 ad
1220 2849 1342 2889 dictos
1347 2849 1441 2902 suos
1455 2847 1622 2888 heredes
1654 2848 1768 2890 donec
1781 2847 1967 2890 vixerint
1980 2877 1994 2898 ‚
2012 2850 2095 2903 fiis.

1150 2908 1312 2951 vixerit
1325 2934 1340 2956 ‚
1354 2907 1403 2952 ὠ·
1410 2907 1489 2962 post
1499 2921 1561 2948 eos
1573 2907 1628 2948 ad
1627 2906 1738 2962 filios
1755 2936 1768 2956 ,
1793 2907 1842 2952 &·
1856 2908 2094 2961 descendens.

1143 2981 1204 3013 tes
1221 2969 1414 3011 Amorum
1428 2967 1783 3020 haredumsuorum
1800 2968 1914 3023 usquo
1936 2967 1977 3009 in
1989 2961 2095 3027 inst-0]

1142 3029 1270 3070 nitunt
1284 3056 1298 3077 ‚
1326 3028 1510 3080 mafiulos
1523 3037 1656 3068 tamen
1669 3056 1684 3075 ‚
1711 3027 1761 3070 ἐπ’
1791 3027 1983 3084 legitimos
1999 3024 2094 3073 &ca

1089 3101 1111 3143 3
1143 3092 1337 3147 Qiorum
1351 3085 1690 3130 descendentium
1721 3084 1995 3137 masculorum
2009 3102 2091 3145 ap-.·

1145 3150 1331 3195 latione,
1366 3161 1453 3205 quo
1481 3146 1613 3201 magis
1637 3147 1865 3190 includitur
1885 3148 2093 3205 Marchio:

1143 3208 1418 3255 Laurentius,
1445 3208 1712 3264 quantumvis
1751 3206 1804 3249 de
1836 3207 1948 3250 linea
1979 3208 2095 3251 dias»

1147 3266 1333 3310 Verzusii
1345 3279 1417 3322 per
1432 3266 1614 3308 medium
1634 3265 1895 3310 foemininum
1914 3265 2085 3309 descen»

1149 3328 1247 3375 dat,
1289 3326 1404 3378 juxta
1430 3338 1643 3381 receptum
1676 3327 1801 3382 consil.
1831 3327 1973 3381 Fulgos.
1995 3327 2082 3375 85.,

1149 3387 1269 3446 quod
1283 3386 1558 3430 communiter
1571 3383 1798 3446 sequuntur
1809 3386 1928 3430 card.
1941 3387 1988 3427 de
1996 3388 2078 3426 Lu-

2036 3456 2083 3484 ca
