2430 3776
319 200 951 286 DeJurepatronat'us
974 170 1104 262 Par.
1127 195 1206 262 V.
1229 194 1390 258 Can.
1413 191 1516 282 XI,
1539 162 1683 258 Cas:
1690 199 1765 262 V.

184 381 894 452 AKGUMENTUM.

42 547 248 604 Ered’do
276 540 622 615 Cappellaniae
647 538 781 593 fac-‘ra
812 535 874 590 ab
910 536 1032 608 Epi-

51 638 59 697 j
118 622 276 697 scopo
304 617 512 674 diverso
528 619 690 675 modo
710 615 770 671 ab
790 637 853 669 eo
873 654 888 677 ,
926 634 1033 688 quo

52 746 59 756 .
117 700 216 757 fuit
245 697 548 774 dispositum
576 697 606 751 ὸ.
635 696 944 755 Fundatore,
963 693 1035 747 est

56 820 60 828 -
118 778 450 836 reformanda
482 779 548 832 ad
579 775 804 831 formam
824 769 1032 847 disposi-

55 875 61 883 ‘
122 860 274 916 tionis
290 854 553 933 ejusdem.

239 1002 847 1050 SUMMARIUM.

31 1130 43 1153 ⁵
59 1173 66 1178 .
81 1151 100 1181 1
132 1137 361 1195 Negligente
373 1136 536 1184 baerede,
552 1145 623 1177 aut
636 1138 806 1176 Patrono
825 1129 1039 1186 adimplere

60 1231 67 1239 .
84 1242 85 1245 ,
163 1198 408 1239 voluntatem
420 1195 652 1237 Fundatoris
662 1222 676 1243 ,
701 1193 900 1246 Episcopus
916 1191 1041 1232 deve-

0 1299 1 1305 ,
164 1257 250 1299 m're
267 1258 379 1298 valet
397 1257 453 1298 ad
464 1255 570 1295 illius
583 1253 923 1306 adimplementum
934 1278 946 1290 .

0 1316 3 1354 ἶ
39 1320 102 1365 ,ΐςε
135 1316 384 1372 cappellania
406 1317 535 1357 erebia
553 1314 594 1355 in
608 1312 767 1355 titulum
777 1309 958 1365 perpetui
972 1309 1038 1350 be-

0 1379 5 1407 2
43 1376 46 1379 ’
164 1375 293 1432 neficii
333 1386 470 1416 contra
515 1374 763 1415 voluntatem
799 1368 1039 1411 Fundatoris

0 1408 8 1483 l,
41 1434 49 1439 ”
66 1458 73 1484 ς
165 1435 337 1477 volentis
350 1435 459 1476 illam
474 1433 542 1493 ff
558 1431 820 1479 amovibilem,
846 1429 898 1481 est
914 1429 1044 1482 refor-

2 1504 5 1518 ²·
164 1495 307 1538 manda
335 1494 375 1536 in
393 1493 684 1548 Cappellaniam
713 1490 960 1532 amovihilem
990 1488 1047 1530 ad

70 1590 75 1597 .
155 1556 333 1612 firmam
347 1552 646 1607 testamentaria
665 1549 915 1608 dispositionis
928 1577 942 1590 .

283 1676 830 1723 CASUSV.

63 1745 75 1767 l

39 1794 77 1847 a,
236 1800 399 1842 Elatum
413 1799 493 1842 fuit
505 1802 546 1841 in
562 1798 684 1839 Sacra
697 1794 1046 1852 congregatione

37 1840 73 1924 i·
123 1863 125 1865 ’
265 1860 452 1902 concilii
476 1862 517 1902 in
534 1859 664 1913 AEsina
691 1853 944 1910 cappellania
975 1867 1047 1894 22.

15 1931 18 1942 ³
118 1918 265 1974 Aprilis
286 1933 435 1971 1719.,
452 1918 570 1976 quod
588 1931 696 1960 anno
718 1915 1048 1970 1672.Joannes

50 1983 79 2037 ‘3-
111 1980 301 2037 Jacobus
323 1980 375 2020 de
391 1977 617 2022 Ambrofiis
636 1978 660 2018 a
678 1975 962 2018 fundamentis
979 1986 1051 2014 ex-

19 2080 24 2085 (
119 2040 253 2083 truxit
268 2041 310 2080 in
326 2038 472 2082 castro
487 2034 650 2080 Rosorii
667 2034 888 2078 Ecclesiam
918 2037 961 2076 in
976 2033 1052 2074 ho-

1 2144 3 2147 ,
22 2148 23 2151 Ἴ
64 2113 88 2149 ··,-
120 2113 264 2142 norem
283 2099 323 2139 S.
339 2098 558 2146 Ambrosii,
576 2094 711 2139 emissa
727 2095 859 2147 jurata
877 2088 1053 2149 promis-

2 2187 24 2209 ¹.
58 2160 74 2216 ‘ss
118 2157 232 2202 fione
250 2159 302 2200 de
329 2159 472 2200 cadem
496 2156 707 2203 dotanda,
739 2156 780 2195 in
810 2153 927 2205 cujus
945 2151 1053 2194 obli-

2 2215 85 2283 ³5⁴2}-
121 2219 307 2278 gationis
324 2218 615 2260 executionem
634 2215 701 2256 die
722 2215 759 2254 8.
776 2213 907 2254 ottob.
926 2216 1052 2262 1695.

2 2276 6 2284 ’
25 2282 28 2301 ⁵
122 2293 202 2335 pro
221 2278 322 2320 dote
342 2277 554 2334 assignavit
575 2275 775 2317 Praedium
803 2275 843 2316 in
864 2272 1054 2315 vocabu-

5 2371 33 2391 „
122 2339 170 2381 lo
186 2337 216 2378 li
231 2337 412 2387 Pratelli,
442 2336 558 2388 cujus
579 2337 702 2377 annui
715 2334 903 2375 redditus
916 2330 1057 2373 scuto-

7 2425 12 2440 2
30 2391 36 2438 fi'
123 2410 215 2441 rum
227 2397 396 2439 circiter
412 2409 497 2446 50.,
510 2395 669 2450 percipi
687 2394 889 2435 deberent
907 2392 930 2434 a
943 2394 1059 2447 Cap-

7 2441 30 2461 ³
75 2456 96 2520 ¹³
123 2457 323 2515 pellano,
353 2457 418 2498 cui
446 2453 781 2510 fuit-impositum
815 2465 922 2495 onus
945 2451 1060 2493 cele-

8 2527 17 2565 J‚.
124 2517 274 2560 brandi
289 2530 360 2572 per
378 2515 434 2566 se,
450 2516 518 2558 vel
536 2529 608 2571 per
624 2514 750 2555 alium
765 2524 945 2570 quatuor
963 2507 1062 2552 Mis-

11 2573 38 2591 “’
126 2573 190 2620 sas
206 2576 397 2634 qualibet
413 2574 685 2618 hebdomada
698 2601 709 2613 .
730 2574 783 2614 Et
798 2574 840 2614 in
857 2586 926 2620 eo,
942 2568 1061 2629 quod

84 2616 284 2679 5³attinet
302 2636 355 2678 ad
381 2633 702 2693 Juspatronatus
732 2633 925 2680 activum,
953 2631 1061 2673 illud

0 2693 49 2740 35.
74 2708 101 2753 ,ξ
128 2695 358 2740 reservavit
380 2710 457 2752 pro
482 2693 551 2737 sua
568 2723 583 2744 ,
621 2697 660 2737 δι
691 2691 1064 2735 descendentium.-

0 2771 18 2799 ς
44 2752 49 2802 Ῐ
116 2753 405 2811 >masculorum
436 2756 460 2798 ὲ
476 2753 711 2810 sindulpho
732 2753 944 2795 Germano
968 2752 1067 2792 Fra-

3 2821 6 2824 “
45 2843 48 2847 .
88 2811 196 2858 ⁴·tre
210 2815 379 2857 Familia
395 2816 436 2858 in
452 2813 687 2860 infinitum5
718 2814 759 2854 in
780 2824 920 2869 eoque
947 2810 1066 2869 quod

29 2874 54 2930 {¹
93 2875 107 2936 ᾖ
133 2872 286 2932 spectat
304 2871 685 2930 adJuspatronatus
700 2872 918 2930 passivum,
948 2871 1001 2912 ad
1014 2870 1069 2911 il-

31 2930 38 2990 ‘,
134 2934 208 2977 lud
230 2935 397 2977 vocavit
410 2933 661 2977 Sacerdotes
675 2962 688 2982 ,
713 2932 967 2976 &elericos
987 2958 1000 2979 ,
1017 2943 1069 2972 ex

11 3029 15 3034 .
32 2990 57 3052 ξ·
97 3003 105 3009 ·
134 2994 340 3051 praedictis
353 2994 534 3036 Familiis
551 3021 564 3042 ,
582 2993 788 3051 quatenus
806 2989 1008 3040 adessent,
1029 2990 1071 3033 in

36 3054 58 3075 ’
96 3084 104 3117 2
128 3067 221 3112 ⁴qua
240 3052 458 3110 hypothesi
485 3053 648 3102 statuit,
679 3052 797 3111 quod
831 3053 1071 3093 nominatus

38 3118 58 3127 ‘¹
138 3114 322 3162 amoveri
341 3126 425 3155 non
443 3112 587 3169 posset,
605 3117 644 3155 &
661 3124 869 3170 quatenus
886 3125 936 3153 ex
953 3109 1072 3151 dietis

20 3191 21 3194 ¹
40 3181 62 3220 t,
102 3169 318 3215 ·.'Fami1iis
331 3173 504 3220 Clerici,
517 3185 585 3214 aut
599 3172 849 3215 Sacerdotes
862 3184 946 3213 non
958 3165 1076 3211 ades-

43 3231 64 3260 ἰ·
104 3283 106 3286 ⁴
141 3229 228 3274 sent
242 3235 297 3274 ita
313 3244 358 3274 ut
376 3234 509 3275 exteri
523 3231 652 3275 essent
669 3229 956 3288 praesentandi‚
972 3241 1074 3272 tunc

44 3313 67 3355 ¹
140 3292 278 3334 voluit
295 3319 309 3341 ,
326 3293 443 3350 quod
460 3289 732 3334 Proesentatus
750 3289 850 3333 esset
865 3289 1077 3334 amovibi-

64 3365 68 3407 ζ
145 3349 199 3392 lis
222 3351 274 3393 ad
301 3352 613 3408 beneplacitum
626 3352 900 3393 Patronorum
919 3379 933 3398 ,
962 3363 1078 3392 cum-

64 3409 72 3490 ³¹
147 3423 230 3467 que
255 3411 439 3452 voluerit
470 3409 511 3454 se
529 3409 733 3463 subjicere
748 3409 1078 3467 praedifflslegi-

67 3493 74 3539 ι
149 3467 253 3517 bus,
279 3473 317 3511 δε
339 3468 409 3511 fibi
423 3484 498 3527 per
516 3470 778 3529 consequens
796 3470 959 3527 plenam
978 3466 1079 3511 assc-

205 3533 302 3570 Pars
317 3532 360 3570 V.

1956 217 2082 278 203

1154 307 1285 348 ruerit
1307 304 1551 347 libertatem
1570 307 1613 347 in
1628 305 1929 360 praesentando,
1947 309 2088 351 nomi-

1153 365 1286 413 navit,
1317 367 1358 406 &
1377 362 1643 421 praesentavit
1657 366 1711 406 ad
1738 366 2088 422 Cappellaniam

1153 423 1365 483 quendam
1386 422 1501 466 suum
1525 421 1876 479 consanguineum
1901 429 2091 469 VIncen-

1151 487 1257 526 tium
1287 483 1509 526 Durellum
1543 483 1801 526 Monachum
1828 485 1990 527 ordInis
2012 488 2090 528 Ci-

1107 564 1112 567 »
1151 541 1380 586 sterciensis
1406 543 1548 585 Romae
1574 555 1922 591 commorantem,
1943 558 2090 601 quate-

1153 617 1230 646 nus
1261 603 1285 646 a
1313 602 1423 645 Sede
1447 601 1690 659 Apostolica
1708 600 2090 658 dispensationem

1153 661 1392 706 obtinuisset
1407 691 1421 710 ,
1450 666 1490 705 δε
1515 661 1756 704 facultatem
1777 661 2015 705 transeundi
2036 665 2089 706 ad

1152 724 1346 767 ordinem
1365 721 1700 767 cluniacensium
1718 751 1731 770 ,
1757 722 1956 780 huncque
1989 722 2011 764 a
2028 721 2090 765 se.-

1156 784 1415 826 nominatum
1430 782 1582 830 voluit,
1603 782 1721 840 quod
1736 781 1886 825 Rector
1899 781 1999 824 esset
2014 811 2026 830 ,
2053 787 2094 826 &

1154 854 1384 900 perpetuus
1399 841 1685 898 Cappellanus
1702 871 1714 882 .

1217 902 1348 945 Paulo
1363 902 1453 958 post
1482 901 1792 959 affignationem
1807 902 1943 950 dotis,
1966 902 2096 957 Ioan-

1158 962 1430 1018 nesJacobus
1448 961 1471 1003 ὲ
1488 963 1576 1003 vita
1594 962 1760 1005 deceffit
1775 991 1789 1011 ,
1818 963 1998 1020 cumque
2014 976 2095 1004 no-

1159 1024 1361 1070 minatus,
1373 1019 1443 1063 seu
1463 1018 1728 1077 praesentatus
1744 1023 1794 1066 ab
1816 1021 1906 1078 ipso
1922 1034 2097 1078 propter

1161 1082 1483 1137 incapacitatem
1502 1081 1525 1122 a
1538 1080 1885 1124 statuMonachali
1901 1083 2097 1124 derivan-

1136 1179 1141 1185 ,
1159 1151 1246 1183 tem
1260 1169 1274 1189 ,
1291 1140 1609 1195 Cappellaniam
1626 1142 1823 1184 obtinere
1842 1155 1925 1183 non
1943 1154 2100 1197 potue-

1159 1201 1229 1249 rit,
1260 1213 1347 1242 non
1362 1197 1443 1240 fuit
1460 1199 1511 1241 ab
1530 1200 1766 1242 haeredibus
1784 1200 1888 1244 faa-2
1908 1202 2099 1245 instantia

1159 1274 1239 1317 pro
1258 1261 1470 1302 erectione
1490 1258 1686 1300 Beneficii
1703 1276 1715 1305 ς
1749 1273 1837 1318 quo
1857 1262 1964 1302 circa
1979 1275 2101 1303 acce-

1159 1320 1288 1362 dente
1307 1315 1516 1374 Episcopo
1534 1318 1683 1361 AEfino
1712 1320 1765 1361 ad
1792 1319 2099 1362 visitationem

1164 1376 1475 1422 CastriRosorii
1493 1392 1601 1421 anno
1620 1384 1765 1429 1697„
1779 1382 1868 1435 post
1883 1378 1986 1423 fana
1999 1394 2102 1422 non-

1164 1439 1279 1481 nulla
1297 1440 1480 1481 Decreta
1493 1466 1507 1487 ,
1533 1450 1617 1480 tam
1635 1440 1776 1496 quoad
1794 1440 2013 1497 quamdam
2040 1440 2103 1492 ja-

1158 1513 1304 1547 nuam,
1323 1512 1398 1554 per
1424 1512 1548 1557 quam
1567 1499 1801 1541 habebatur
1819 1498 2028 1558 ingressus
2058 1500 2103 1543 in

1166 1557 1389 1602 Ecclesiam
1418 1559 1442 1600 a
1462 1560 1811 1613 JoanneJacobo
1844 1562 2101 1609 extructam,

1165 1618 1293 1678 quam
1333 1617 1476 1676 quoad
1502 1615 1772 1673 supellectilia
1807 1619 1965 1662 Altaris
1983 1648 1996 1668 ,
2024 1618 2106 1662 fuit

1168 1681 1222 1721 ab
1250 1679 1402 1720 eodem
1442 1677 1633 1735 praefixus
1665 1679 1866 1721 terminus
1897 1679 2105 1721 duorunu

1168 1737 1365 1780 mensium
1379 1738 1536 1780 haeredi
1552 1739 1605 1780 ad
1619 1739 1839 1795 petendam
1854 1741 2106 1781 erectionem

1169 1797 1386 1847 Beneficii,
1407 1802 1447 1841 δε
1461 1798 1742 1854 provisionem
1758 1799 1946 1841 Rectoris
1959 1828 1972 1847 ,
1995 1797 2108 1854 ipso-

1171 1871 1256 1915 que
1274 1857 1517 1914 negligente
1533 1858 1763 1915 adimplere
1778 1860 1974 1902 mandata
1999 1858 2108 1901 intra

1127 1942 1133 1950 ·
1174 1930 1342 1973 tempus
1362 1916 1600 1972 praefixum,
1633 1919 1808 1960 instante
1836 1921 2110 1962 promotore)

1173 1975 1335 2024 Fiscali,
1350 1973 1579 2032 Episcopus
1593 1978 1841 2026 declaravit,
1857 1978 2110 2020 Beneficium

1176 2034 1259 2080 esse·
1271 2036 1323 2077 ad
1337 2034 1378 2077 se
1395 2036 1661 2086 devolutum,
1678 2037 1871 2095 illudque
1889 2040 2111 2080 auctorita-

1175 2109 1218 2139 te
1228 2096 1440 2138 ordinaria
1457 2098 1591 2138 erexit
1608 2125 1622 2145 ,
1651 2100 1690 2139 &
1706 2097 1879 2138 instituit
1895 2099 1937 2139 in
1953 2096 2112 2140 benesi-

1179 2157 1289 2198 cium
1319 2167 1567 2211 perpetuum
1584 2184 1597 2204 ,
1627 2156 1818 2211 imposita
1849 2158 2114 2213 Cappellano

1178 2215 1445 2271 obligatione
1480 2216 1723 2258 celebrandi
1767 2229 1949 2273 quatuor
1976 2213 2115 2258 Missas

1179 2275 1373 2333 qualibet
1387 2274 1655 2317 hebdomada
1668 2276 1812 2326 ,juxta
1826 2289 1873 2318 ea
1887 2304 1900 2324 ,
1918 2290 2008 2332 quae
2024 2275 2116 2318 fue-

1181 2347 1275 2377 runt
1292 2334 1315 2376 a
1330 2333 1566 2376 Fundatore
1583 2334 1839 2390 praescripta,
1878 2340 1916 2378 δι
1933 2336 2119 2392 Cappel-

1180 2396 1333 2438 laniam
1352 2394 1538 2436 contulit
1560 2395 1781 2436 Sinibaldo
1801 2396 1981 2437 Durello
2015 2398 2120 2439 Ger-

1183 2469 1308 2497 mano
1326 2452 1443 2495 fratri
1462 2455 1591 2496 Patris
1610 2455 1823 2495 Vincentii
1842 2456 2029 2502 Durelli,
2045 2455 2119 2511 qui

1180 2512 1543 2572 praesentationem
1558 2543 1570 2562 ,
1605 2515 1668 2555 uti
1683 2514 1863 2556 diximus
1878 2543 1891 2564 ,
1918 2515 1941 2557 a
1958 2515 2122 2556 Funda-

1186 2587 1281 2617 tore
1305 2584 1597 2629 reportaverat
1616 2602 1628 2613 .

1247 2633 1489 2675 Sinibaldus
1524 2632 1717 2675 immissus
1739 2633 1817 2675 fuit
1844 2635 1886 2676 in
1918 2632 2125 2689 poffeffio-

1191 2708 1284 2735 nem
1297 2692 1582 2748 Cappellaniae
1597 2693 1664 2734 die
1681 2694 1980 2747 19.Septembris
1998 2698 2123 2742 1699·

1188 2752 1260 2796 scd
1280 2765 1447 2795 mortuo
1466 2754 1586 2793 Patre
1606 2754 1832 2796 Vincentio
1856 2753 2037 2795 Durello
2053 2766 2127 2793 an-

1189 2829 1236 2856 no
1259 2825 1307 2862 17
1321 2825 1400 2862 13„
1425 2811 1650 2869 delataque
1668 2812 1790 2863 hujus
1810 2814 1955 2856 mortis
1973 2813 2126 2854 notitia

1192 2873 1245 2916 ad
1262 2873 1498 2927 Philippum
1520 2872 1572 2912 de
1589 2872 1819 2916 Ambrosiis
1837 2901 1850 2920 ,
1880 2874 1960 2914 fuit
1975 2873 2027 2914 ab
2044 2874 2127 2915 hoc

1194 2945 1407 2990 tamquam
1424 2933 1607 2974 Patrono
1623 2933 1858 2975 nominatus
1875 2932 1926 2975 ad
1944 2933 2130 2990 Cappel-

1197 2995 1348 3035 laniam
1365 2992 1574 3035 Nicolaus
1603 2992 1839 3034 Bartolinus
1857 3020 1870 3039 ,
1899 3005 2133 3048 exortaque

1197 3057 1307 3097 inter
1324 3054 1432 3094 hunc
1450 3080 1464 3099 ,
1492 3056 1530 3094 δε
1545 3052 1803 3094 Sinibaldum
1822 3052 2103 3094 controversia
2118 3079 2132 3099 ,

1198 3115 1291 3170 post
1310 3112 1516 3169 prolatam
1545 3112 1567 3153 a
1596 3113 1767 3154 Vicario
1795 3111 1939 3154 AEfino
1967 3110 2135 3153 senten-

1200 3175 1301 3215 tiam
1316 3171 1463 3213 favore
1476 3171 1698 3220 Sinibaldi,
1711 3174 1821 3213 inter
1836 3184 1984 3214 caetera
1996 3170 2136 3227 dispu-

1201 3244 1335 3275 tatum
1367 3230 1446 3272 fuit
1476 3232 1518 3273 in
1545 3231 1668 3272 Sacra
1697 3231 2046 3289 Congregatione
2078 3228 2138 3272 se-

1204 3304 1342 3350 quens
1358 3290 1528 3334 dubium
1545 3304 1585 3335 Ξ
1605 3293 1667 3331 An
1677 3291 1816 3332 ereHio
1832 3291 2084 3346 Cappellaniae
2098 3292 2136 3329 S.

1207 3349 1394 3402 Ambrosii
1408 3349 1536 3402 Castri
1554 3351 1706 3403 Rosbrii
1722 3353 1778 3393 ad
1792 3351 1952 3392 titulum
1964 3348 2140 3404 perpetui

1210 3410 1383 3466 beneficii
1396 3410 1452 3463 sit
1469 3409 1720 3463 reformanda
1749 3412 1791 3451 in
1818 3410 2141 3465 cappellaniam.)

1214 3469 1466 3513 amovibilem
1483 3472 1615 3526 quoad
1627 3471 1876 3526 Cappellanos
1895 3482 2016 3513 extra
2019 3469 2145 3523 fiumi-

1741 3531 1817 3574 Cc
1852 3542 1873 3569 2
2051 3528 2146 3571 liam
