2430 3776
277 151 916 238 DeJurepatronatus
934 150 1070 215 Par.
1092 150 1196 217 IV.
1219 152 1380 215 Can.
1401 150 1472 213 11.
1500 150 1642 216 Cas?
1664 151 1768 219 VI.
1986 179 2063 238 53

58 270 191 315 hodie
219 279 342 325 capta
357 264 525 308 fuitsub
543 261 745 320 rescripto
779 278 822 310 t:
846 266 1004 319 Benefi-

58 331 160 374 cium
189 329 258 387 ‘ffi'’
293 325 600 380 adjudicandum
629 325 828 378 francisco
852 325 1001 367 Maria

61 389 297 432 Bellinciono
311 401 322 428 ὲ

34 466 62 504 9
121 450 230 492 Cum
246 447 354 490 enim
370 446 442 487 iste
457 444 633 496 majores
650 458 727 501 pro
741 441 799 486 sui
814 445 1002 486 nomina-

62 512 180 552 tione
204 517 394 550 numeret
410 507 686 547 Patronorum
714 517 843 547 voces
858 531 871 551 ,
902 506 998 560 qui-

61 570 159 612 dem
193 568 392 614 illorum,
433 567 507 622 qui
535 565 578 606 in
601 562 714 622 quafi
742 560 998 620 paffeffiono

60 625 330 685 praesentandi
346 625 663 681 reperiebantur
675 652 689 672 ‚
707 624 858 665 nedum
872 625 999 681 vigo-

62 703 109 731 re
124 688 295 730 statuum
316 684 635 742 praecedentium
655 711 669 732 ,
692 681 762 725 sed
780 683 906 724 etiam
938 684 999 725 ul-

63 749 170 797 timi,
187 747 260 804 qui
276 744 409 791 solum
427 744 659 786 attenditur
677 743 716 784 in
736 744 811 784 hac
827 745 999 785 materia
1036 776 1038 778 v

61 822 141 865 pto
172 805 403 863 regulanda
429 803 542 862 quali
565 800 998 860 poiseffioneJurispa-

62 879 256 911 ttonatus
266 867 383 921 juxta
396 864 530 921 paffim
545 860 827 904 animadversa
841 877 914 918 per
925 866 1000 904 Ro-

62 927 200 974 umi‘n
215 931 440 968 Cremonen.
459 922 640 978 Beneficii
657 935 699 973 4.
711 922 912 963 Februarii
924 938 998 979 art-

61 986 106 1030 αἱ
109 986 304 1042 preteriti
324 991 361 1033 §.
376 982 705 1044 Qandoquidem
721 997 848 1023 coram
858 997 933 1032 me,
949 981 999 1026 &-

61 1046 105 1090 in
117 1047 328 1100 Casertana
340 1042 524 1097 Beneficii
536 1056 556 1082 2
565 1056 604 1094 7.
617 1041 767 1084 Martii
764 1043 998 1098 subsequen·

62 1107 119 1150 tis
133 1112 173 1154 §-
189 1105 331 1146 Docuit
355 1117 440 1144 cum
453 1104 570 1158 seqq.
599 1116 730 1143 coram
745 1101 997 1159 Eminentiffi'-

14 1167 19 1172 '
61 1181 124 1209 ano
149 1164 311 1208 Domino
338 1163 544 1204 cardinali
560 1166 718 1211 Scotto,
744 1161 860 1203 nullo
889 1163 996 1205 vali-

62 1226 121 1268 do
138 1225 227 1278 jure
254 1226 394 1280 potuit
414 1223 478 1264 illi
495 1222 694 1264 retardari
709 1221 914 1264 institutio
945 1223 1003 1262 ad

62 1281 200 1330 Text.'
212 1284 255 1325 in
281 1297 364 1337 cap.
378 1282 574 1343 Qoniam
602 1283 648 1322 de
664 1282 850 1338 ‘Jurepazn
864 1310 877 1329 ‚
907 1286 998 1324 Rot.

33 1351 34 1354 ’
61 1359 194 1387 coram
208 1345 366 1397 Serapb.
380 1342 493 1395 decifi
513 1344 613 1392 678.
629 1356 730 1382 num.
750 1354 788 1380 2.
807 1370 822 1390 ,
850 1339 899 1384 ἐν
916 1342 999 1384 ίη,,..

61 1404 266 1448 Bononien.
282 1401 553 1456 Beneficiorum
577 1402 625 1442 de
643 1400 805 1453 Castello
836 1414 851 1441 1
864 1415 902 1443 2.
916 1406 1000 1443 De-

59 1464 225 1506 cembris
244 1477 292 1514 17
303 1476 320 1503 1
331 1475 371 1504 2.
392 1490 405 1510 ‚
423 1466 462 1509 §.
478 1459 682 1503 Institutio
697 1475 828 1501 coram
844 1465 999 1505 R.P.D.

60 1539 143 1567 meo
157 1524 284 1577 Crispo
297 1550 312 1571 ‚
343 1522 392 1565 ὠ·
417 1522 458 1562 in
472 1526 625 1563 Comen.
641 1520 999 1580 ‘Jurispatronatus

11 1585 21 1599 ”
63 1582 299 1627 11.Martii
322 1580 416 1623 anni
436 1581 618 1635 proximi?
645 1581 763 1636 elapsi
791 1585 829 1628 §.
832 1582 913 1636 fin.
937 1597 1001 1623 co-

58 1660 148 1687 ram
161 1638 222 1685 me
236 1673 248 1686 .
270 1643 336 1684 Est
354 1655 533 1699 namque
552 1642 684 1685 veluti
697 1640 810 1683 illius
826 1639 998 1690 fruetus,

57 1718 147 1762 quo
165 1703 403 1747 nullatenus
421 1702 574 1758 privari
589 1701 718 1743 debet
732 1701 783 1748 is,
797 1703 868 1758 qui
885 1702 999 1744 bona.

59 1763 144 1806 fide
167 1765 210 1806 in
226 1776 274 1804 ea
290 1763 495 1819 reperitur
525 1765 629 1803 Rota
645 1763 686 1801 in
703 1761 995 1804 Melevitana,

60 1823 414 1883 ‘Jurispa'tronatus
437 1835 457 1873 3
471 1834 506 1862 1.
521 1821 674 1864 Martii
693 1833 819 1872 1702.
850 1825 890 1868 §-
907 1821 996 1863 Mi-

57 1885 201 1939 nusque
216 1897 345 1924 coram
358 1881 651 1939 Eminentifflmo
670 1883 799 1922 Scotto
815 1909 828 1930 ‚
847 1881 896 1924 (θ’
911 1881 995 1924 in..-

56 1942 290 1985 Placentina
300 1942 540 1984 Parochialis
554 1955 573 1981 2
584 1955 622 1981 2.
637 1940 791 1984 Martii
799 1940 998 1996 anniprae-

57 2002 176 2045 ter-iti
191 2007 229 2051 §-
294 2016 388 2058 uare
401 2002 488 2043 cum
500 2016 568 2043 nos
583 2015 711 2042 coram
727 2014 809 2041 me.

119 2062 249 2118 Qod
276 2063 377 2104 vero
403 2058 638 2103 Franciscus
660 2061 794 2102 Maria
819 2059 999 2104 Praesen-

58 2134 173 2166 tatus
203 2120 330 2163 fuerit
345 2121 369 2162 εὶ
386 2121 532 2174 majori
548 2122 826 2163 Patronorum
853 2134 998 2163 nume-

57 2197 108 2226 to
122 2211 137 2231 ,
167 2182 244 2239 qui
273 2182 315 2223 in
328 2180 440 2238 quafi
456 2177 695 2238 poffeffione
720 2178 996 2239 praesentandi

57 2241 151 2286 sunt
165 2241 376 2284 constituti
403 2242 445 2282 in
461 2242 544 2283 vim
558 2240 694 2282 ultimi
711 2240 837 2282 status
851 2269 866 2288 ,
895 2241 996 2282 inde

58 2313 178 2358 patet
193 2329 206 2348 ‚
222 2302 321 2357 quia
337 2298 518 2355 noscitur
534 2298 804 2343 Praesentatus
822 2302 846 2342 :⁸1
864 2300 969 2342 Mari
976 2311 998 2342 a

0 2414 1 2417 Ἴ
58 2362 253 2404 Lucretia
269 2360 322 2402 de
341 2359 594 2415 Vergiolefis
612 2361 701 2403 eius
720 2361 873 2408 Matre,
893 2364 931 2402 &
946 2359 998 2401 fi-

0 2422 2 2485 }
58 2422 115 2464 lia
128 2421 334 2462 Tancredi
352 2421 404 2461 de
425 2419 680 2475 Vergiolefis
695 2449 709 2468 ,
735 2433 782 2461 ac
813 2420 838 2462 ὰ
853 2418 997 2462 sorore

0 2486 2 2520 Ι
56 2481 190 2523 Maria
203 2480 341 2522 Felice
355 2481 542 2521 Victoria
572 2478 659 2520 filia
681 2480 863 2535 Philippi
890 2482 998 2522 Ver-

0 2530 3 2589 Ι
58 2539 204 2597 giolefi
220 2569 233 2588 ,
262 2544 302 2582 &
319 2539 495 2581 Moniali
510 2541 553 2580 in
569 2539 824 2582 Monasterio
841 2539 995 2582 Sanctae

0 2590 3 2653 ἰ
58 2601 196 2642 Luciae
211 2629 225 2649 ‚
253 2613 330 2640 nec
350 2613 434 2641 non
450 2600 473 2641 ἰι
492 2599 686 2655 Philippo
702 2599 756 2641 de
774 2600 997 2656 Serponti-

57 2661 137 2703 bus
151 2689 166 2709 ‚
201 2659 261 2701 uti
275 2661 435 2701 Tutore
453 2687 466 2707 ,
483 2663 522 2701 &
537 2659 745 2701 Curatore
761 2660 937 2708 Caroli,
955 2663 996 2702 &

52 2720 126 2777 Jo:
138 2721 322 2776 Baptistae
338 2716 502 2761 suorum
520 2717 720 2766 filiorum,
732 2723 770 2761 &
785 2719 996 2762 haeredum

58 2780 230 2822 Eulaliae
243 2779 439 2822 Victoriae
456 2778 510 2820 de
525 2777 782 2834 Vergiolefis
807 2777 902 2820 filiae
933 2780 999 2821 di·-

58 2841 114 2882 eti
134 2839 340 2896 Philippi,
369 2839 443 2896 qui
459 2850 605 2881 omnes
630 2839 673 2879 in
691 2837 904 2881 noviflimo
921 2839 998 2880 stat-'-

57 2910 105 2942 tu
132 2901 228 2943 anni
262 2912 277 2939 1
289 2904 389 2950 706.
417 2895 706 2954 presentarunt
733 2898 998 2942 Canonicurn

12 2961 298 3002 onicolaum
328 2959 381 3000 de
398 2958 677 3014 Serpontibus
689 2986 700 2997 .
728 2960 1000 3014 Qapropter

23 3052 43 3069 .,
62 3033 154 3061 cum
166 3021 235 3061 hic
250 3020 400 3076 vigore
413 3017 776 3074 praesentationum
793 3016 1000 3072 hujusmo-

59 3079 104 3120 di
118 3079 397 3134 promeruerit
416 3078 819 3126 canoniceinstitui,
848 3091 893 3120 ac
919 3080 1001 3120 Be-

62 3138 215 3181 neficio
232 3137 360 3195 usque
376 3138 428 3180 ad
443 3139 606 3181 obitum
626 3136 722 3186 frui,
736 3151 820 3180 non
836 3139 890 3180 est
901 3153 1002 3181 cc-n-

28 3247 35 3253 ,
60 3199 327 3241 trovertibile
356 3210 569 3241 remanere
599 3197 649 3239 fic
675 3197 879 3240 firmatum
905 3200 1001 3241 ulti-

28 3254 32 3257 *
63 3271 172 3301 mum
195 3259 336 3300 starum
352 3287 366 3307 ,
380 3272 426 3300 ac
440 3261 647 3300 Patronos
666 3258 918 3301 constitutos
936 3260 1000 3301 le-

64 3318 210 3374 gitime
234 3315 351 3360 fuisse
375 3319 418 3360 in
433 3317 544 3376 quast
567 3313 807 3373 poffeffione
824 3316 1001 3375 praesen-

65 3378 181 3418 tandi
226 3381 318 3420 Rot.
359 3377 400 3419 in
430 3379 598 3421 Aretina
643 3378 1000 3436 JurtJspatr-onatus

63 3437 273 3496 22.-7unii
302 3451 429 3488 1701,
462 3443 504 3486 §.
527 3436 684 3490 Constat
711 3452 840 3481 coram
868 3439 915 3480 cl.
931 3454 1003 3481 me.

1122 267 1248 310 Card.
1261 271 1441 320 Capram
1454 295 1468 315 ‚
1497 267 1548 310 ὁ·
1575 267 1618 308 in
1638 269 1677 308 d.
1693 269 1899 311 Bononien.
1914 272 2071 322 Benefi-

1119 327 1269 368 ciorum
1297 329 1346 368 de
1374 327 1536 378 castello
1567 340 1607 368 2.
1631 329 1744 378 Maji
1773 343 1902 381 ²712·
1934 334 1973 377 §.
1999 332 2067 372 Ex

1119 396 1293 442 quatuor
1306 400 1436 427 coram
1452 390 1606 428 R.P.D.
1622 402 1701 428 meo
1720 389 1848 442 Crispo
1862 419 1874 430 .
2089 383 2093 387 ’

1179 447 1335 488 Verum
1365 444 1392 486 fi
1411 443 1498 488 sola
1529 445 1641 503 quafi
1659 446 1841 502 poffeffio
1858 451 2063 493 Patrono-

1118 519 1209 547 rum
1240 507 1390 561 vigore
1416 507 1551 547 ultimi
1568 507 1690 548 status
1705 505 1804 549 esset
1832 509 1884 550 de
1911 523 1983 565 per
1999 508 2063 551 se.›

1119 563 1473 608 sufficientiffima:
1500 566 1683 608 validius
1715 567 1838 609 valde
1864 569 1938 609 illa
1957 583 2061 611 con-

1117 625 1320 667 stabilitur
1351 639 1402 667 ex
1429 625 1644 667 affistentia
1684 627 1859 669 statuum
1889 639 2060 670 antece-

1118 684 1333 727 dentium:
1366 699 1457 727 nam
1485 685 1539 726 de
1563 699 1629 727 an.
1650 698 1778 735 1705.
1809 689 2060 731 Dominicus

1118 743 1171 785 de
1188 745 1462 787 Bellincionis
1493 743 1574 786 fuit
1593 745 1800 788 institutus
1822 749 1863 789 in
1880 748 1961 789 hoc
1977 749 2057 789 Bc-

1117 803 1273 847 neficio
1304 805 1357 846 ad
1369 803 1726 860 praesentationem
1756 807 1797 847 d.
1817 807 1957 849 Mariae
1972 808 2059 850 Lu-

1118 866 1256 905 creriae
1274 864 1366 907 filiae
1382 866 1607 913 Tancredi,
1623 879 1670 906 ac
1687 866 1728 907 d.
1744 867 1886 909 Mariae
1906 867 2059 910 Felicis

1118 923 1319 966 Monialis
1336 953 1350 974 ,
1366 923 1536 967 excluso
1553 925 1775 967 Canonico
1793 927 1982 969 Nicolao
2003 929 2057 970 de

1119 982 1399 1039 Serpontibus
1415 982 1660 1040 praesentato
1676 987 1700 1028 a
1713 985 1810 1027 filiis
1822 987 1961 1028 Mariae
1979 988 2062 1029 Eu·
2094 1040 2097 1043 .

1117 1043 1225 1084 laliae
1242 1073 1255 1092 ‚
1276 1058 1323 1085 ac
1354 1044 1378 1085 a
1411 1045 1541 1086 Maria
1558 1045 1795 1087 Eleonora:
1818 1044 1968 1088 Rursus
1999 1048 2055 1090 de

1117 1116 1182 1144 an.
1205 1105 1349 1152 1689.,
1365 1117 1450 1160 quo
1467 1105 1637 1146 vivebat
1648 1107 1788 1148 Bellus
1801 1107 2054 1162 Vergffilefi,

1115 1163 1190 1219 qui
1222 1164 1372 1220 aequali
1402 1178 1509 1205 voce
1540 1166 1783 1220 potiebatur
1820 1181 1899 1208 uua
1927 1181 2053 1210 cum.»

1116 1223 1339 1265 Tancredo
1358 1252 1372 1271 ‚
1404 1227 1442 1265 &
1461 1223 1654 1279 Philippo
1674 1224 1760 1276 ejus
1775 1225 1970 1269 fratribus
1987 1229 2054 1268 in-

1117 1282 1280 1324 stitutus
1297 1281 1545 1339 fuitJoseph
1557 1284 1609 1324 de
1622 1282 1804 1326 Flaschis
1822 1287 1956 1328 veluti
1972 1301 2051 1329 no·-

1118 1343 1301 1384 minatus
1319 1344 1341 1385 εἰ
1357 1343 1477 1385 Bello
1490 1371 1503 1391 ‚
1520 1357 1566 1384 ac
1586 1343 1609 1384 a
1625 1342 1789 1386 filiabus
1803 1345 2055 1402 d.Philippi,

1120 1406 1159 1444 &
1178 1401 1229 1443 fic
1246 1404 1500 1459 vincensJo:
1514 1404 1817 1446 Belliucionum
1836 1433 1850 1454 ,
1866 1407 1938 1462 qui
1956 1420 2059 1462 prae-

1119 1459 1303 1504 sentatus
1322 1462 1457 1505 fuerat
1474 1465 1497 1504 a
1514 1464 1646 1504 Maria
1656 1463 1849 1507 L'ucretia
1865 1465 1952 1518 ejus
1967 1467 2061 1507 Ma-

1121 1532 1213 1570 tre,
1244 1527 1284 1566 &
1310 1522 1394 1565 filia
1422 1524 1520 1564 dieti
1543 1524 1779 1566 Tancredi:
1813 1527 1866 1568 Et
1895 1524 2061 1582 insuper

1120 1582 1271 1624 omiffis
1305 1583 1619 1640 antiquioribus
1647 1598 1756 1626 anno
1780 1589 1904 1637 1670.
1923 1615 1936 1635 ,
1967 1598 2059 1628 tum

1119 1641 1253 1683 Maria
1264 1642 1458 1684 Lucretia
1472 1644 1667 1698 praedista
1682 1672 1696 1692 ,
1722 1644 1846 1701 quam
1862 1645 1955 1687 filiae
1969 1661 2058 1687 me-

1118 1698 1273 1743 morati
1307 1703 1490 1758 Philippi
1529 1701 1823 1757 praesentarunt
1861 1708 2057 1749 Canoni-

1118 1775 1210 1804 cum
1227 1763 1520 1817 Honuphrium
1546 1763 1598 1804 de
1616 1765 1816 1807 Panuzzis
1847 1780 1942 1807 cum
1960 1764 2057 1808 sub-

1115 1818 1297 1878 sequuto
1315 1819 1463 1864 effectu
1481 1822 1754 1865 institutionis
1783 1825 1835 1866 ad
1851 1826 2058 1867 exclufio-

1117 1895 1213 1924 nem
1247 1880 1484 1924 Praesentati
1515 1882 1538 1924 ὲ
1566 1884 1776 1926 Curatore
1823 1884 1921 1927 disti
1952 1886 2061 1927 Belli

1117 1953 1218 1983 tunc
1234 1940 1416 1984 absentis
1430 1970 1444 1990 ‚
1470 1943 1577 1984 itaut
1595 1941 1780 2001 respectu
1798 1959 1949 1986 vocum
1967 1946 2064 1986 Phi-

1117 2001 1221 2057 lippi
1239 2029 1252 2049 ‚
1268 2005 1308 2044 &
1322 2002 1528 2043 Tancredi
1542 2030 1556 2050 ‚
1582 2017 1817 2059 eorumque
1833 2002 2063 2059 respeistive

1116 2059 1300 2103 filiorum
1319 2060 1473 2103 fortius
1488 2061 1599 2118 quafi
1612 2061 1797 2118 poffeffio
1816 2062 2064 2119 praesentan-

1118 2121 1163 2162 di
1179 2122 1480 2168 corroboratur
1497 2149 1510 2169 ,
1531 2121 1629 2163 dum
1647 2125 1908 2178 comperitur
1924 2138 1974 2165 ex
1992 2135 2061 2166 tot

1116 2181 1287 2223 statibus
1308 2181 1656 2223 antecedentibus
1690 2181 1935 2225 confirmata
1972 2188 2062 2225 Rot.

1117 2240 1159 2282 in
1173 2241 1282 2283 diHa
1301 2241 1505 2282 Bononien.
1519 2241 1795 2296 Beneficiorum
1823 2245 1872 2284 de
1884 2243 2061 2294 Castell0‚

1119 2306 1159 2348 §.
1177 2304 1267 2341 Haec
1276 2301 1381 2354 juris
1391 2302 1631 2355 praesumptio
1645 2317 1775 2343 coram
1787 2308 1835 2345 R.
1851 2307 1894 2343 P.
1912 2306 1964 2343 D.
1978 2318 2060 2344 meo

1119 2361 1250 2416 Crispo
1266 2390 1279 2410 ,
1308 2361 1357 2404 &
1389 2375 1430 2410 9.
1450 2361 1572 2419 7ιιηίἰ
1595 2374 1719 2414 1713.
1738 2393 1751 2412 ,
1784 2367 1823 2409 §.
1840 2366 1969 2417 Atque
1988 2363 2063 2404 haec

1117 2436 1249 2462 coram
1263 2425 1311 2462 R.
1330 2425 1374 2461 Ρ.
1391 2426 1442 2463 D.
1455 2436 1536 2462 meo
1553 2422 1718 2474 Ansaldo
1730 2452 1744 2472 ,
1772 2422 1821 2465 ἐφ’
1846 2423 1887 2463 in
1904 2424 2062 2477 Papien.

1116 2482 1305 2522 Βιθυνία
1339 2494 1406 2522 10.
1427 2481 1655 2523 Decembris
1691 2495 1741 2535 17
1753 2497 1817 2535 14.
1845 2487 1885 2530 §.
1914 2483 2063 2523 Praedi-

1118 2541 1204 2582 θαι
1221 2556 1352 2583 coram
1367 2555 1427 2582 me
1443 2569 1456 2582 .

1174 2603 1377 2658 Qinimo
1391 2601 1483 2643 cum
1499 2598 1739 2659 Franciscus
1755 2603 1888 2643 Maria
1916 2603 2055 2644 calcu-

1115 2662 1176 2704 let
1192 2660 1250 2703 sui
1264 2661 1409 2703 favore
1427 2662 1553 2703 etiam
1574 2676 1722 2704 vocem
1741 2662 1881 2703 Mariae
1898 2663 2056 2704 Lucre-

1117 2723 1183 2763 tiae
1199 2722 1349 2763 Matris
1365 2750 1379 2769 ,
1402 2735 1494 2779 quae
1510 2724 1550 2762 in
1567 2721 1671 2762 statu
1685 2724 1782 2763 anni
1805 2722 1934 2772 1689.
1951 2736 2056 2778 prae-

1116 2778 1295 2830 seutavit
1315 2782 1525 2836 Joannem
1548 2782 1857 2822 Bellincionum
1891 2795 2061 2823 contra-

1119 2842 1322 2888 dictorem
1336 2837 1505 2896 josephi
1519 2841 1571 2881 de
1585 2839 1765 2882 Flaschis
1789 2841 1961 2882 iubinde
1990 2845 2059 2884 in-

1120 2901 1276 2949 stituti,
1302 2913 1349 2942 ac
1364 2907 1490 2943 voces
1521 2899 1701 2942 filiorum
1719 2901 1858 2942 Mariae
1875 2902 2058 2951 Eulaliae,

1122 2962 1195 3017 qui
1211 2961 1253 3001 in
1269 2961 1371 3001 statu
1387 2973 1451 3002 an.
1470 2972 1598 3009 1705.
1615 2958 1963 3016 praesentaverant
1982 2964 2062 3003 Ni-

1121 3021 1285 3062 colaum
1313 3020 1366 3062 de
1382 3021 1660 3076 Serpontibus
1689 3017 2060 3063 succumbentem)

1122 3081 1165 3121 in
1201 3075 1403 3122 concursu
1435 3080 1651 3121 Dominici
1680 3080 1732 3121 de
1759 3080 2060 3130 Bellincionis,

1121 3152 1301 3197 quaeque
1332 3139 1529 3195 ponenda
1551 3137 1640 3181 sunt
1668 3140 1710 3181 in
1727 3140 1891 3182 calculo
1909 3169 1922 3189 ‚
1957 3142 2061 3183 licet

1122 3212 1303 3256 utraque
1322 3198 1585 3254 praesentatio
1599 3197 1788 3240 effectum
1817 3198 1963 3242 sortita
1979 3215 2063 3244 non

1121 3258 1248 3302 fuerit
1280 3260 1336 3301 ob
1361 3257 1608 3301 concursum
1638 3259 1808 3311 majoris
1834 3261 1961 3315 partis
1986 3263 2064 3301 Pa-

1119 3330 1340 3361 tronorum
1370 3317 1514 3361 favore
1533 3320 1708 3361 alterius
1728 3317 2063 3374 Compraesenta-

1122 3379 1170 3426 ti,
1185 3383 1225 3422 δε
1241 3390 1336 3434 apta
1351 3377 1443 3420 sunt
1459 3376 1707 3422 conservare
1727 3393 1810 3421 non
1824 3379 1958 3420 minus
1975 3381 2064 3421 Ma-

1125 3439 1226 3481 riam
1243 3439 1479 3483 Lucretiam
1495 3468 1509 3490 ,
1522 3439 1648 3499 quam
1661 3438 1773 3482 filios
1789 3439 1928 3481 Mariae
1943 3440 2069 3480 Eula-

2003 3498 2067 3542 liae
