2392 3736
621 71 1529 160 DeJurepatronatusPar.V1.

178 176 249 208 aut
261 159 452 218 eiusmodi
458 158 584 216 legato
601 159 671 200 lex
685 159 902 214 resisteret.

63 243 88 280 9
148 229 212 271 ΛΔ
223 223 396 282 ffllum
421 205 708 276 transmifflonis
733 219 856 275 legati
866 221 1053 279 jur-ispa-

177 295 359 327 tronatus
380 281 436 323 ad
459 279 626 319 heredes
654 278 859 333 Legatarii
886 293 960 320 non
986 295 1051 321 re-

177 344 352 410 quiritur
375 337 535 382 dominii
558 338 756 393 acquisitio
773 365 786 386 ‚
796 337 1048 394 sedsufficit,

177 403 282 460 quod
292 401 376 443 dies
393 396 518 455 legati
530 398 700 456 effrit.

67 480 118 508 ιο
148 459 386 517 Transmiffl‘o
401 456 524 515 legati
534 457 880 516 Jurispatronatus
905 459 962 499 ad
972 458 1049 498 hae-

173 523 312 569 redes,
327 529 418 560 tunc
419 517 552 571 filum
570 517 796 570 impeditur,
809 518 962 572 quando
975 522 1048 560 Le-

168 580 359 639 gatarius
377 575 625 634 praemoritur
638 575 832 628 Testatori
842 605 857 625 ‚
895 588 967 618 aut
989 577 1046 618 le-

169 652 310 698 gatum
324 637 375 690 est
390 635 644 680 conditionale
658 665 672 685 ,
688 636 738 679 (θ’
751 636 919 678 conditio
933 664 949 686 ,
975 636 1045 678 vi-

175 711 297 742 vente
308 697 516 756 Legatario
531 724 545 745 ‚
558 711 632 738 non
644 696 905 750 adimpletur.

32 775 82 810 1
97 774 111 803 t
144 764 334 818 Legatum
347 757 600 800 conditionale
615 784 629 804 ,
643 769 715 796 non
729 755 943 810 adimpleta
955 770 1045 797 con·
1072 811 1074 813 Ι

174 820 320 862 ditione
338 830 412 873 per
436 815 706 873 negligentiam
718 815 926 871 Legatarii
947 831 1048 857 eva-

173 881 235 922 dit
247 880 449 927 caducum,
463 877 513 920 &⁴
529 890 603 917 non
615 874 930 932 transmiffbile.

32 955 80 986 1
90 954 111 980 z
146 940 258 996 Oblig
258 940 338 980 atio
348 935 508 993 petendi
519 935 728 988 consensum
742 934 948 976 ordinarii
972 948 1045 976 non

175 998 309 1042 reddit
324 997 492 1053 legatum
503 994 854 1063 ‘jurispatronatus
864 993 1048 1037 conditio-

171 1058 286 1101 nale.
304 1057 358 1099 Et
372 1069 499 1115 quare
515 1058 533 1097 ἓ
551 1055 660 1097 Vide
674 1054 755 1096 ibi.

33 1149 36 1168 ,
60 1132 109 1172 13
142 1118 277 1175 Ceffi'o‚
284 1117 388 1171 sve
414 1113 568 1158 donatio
585 1113 951 1174 Jurfioeraefintandi
968 1126 1043 1168 pra

34 1179 37 1223 ἓ,
171 1177 285 1219 unica
300 1176 393 1218 vice
414 1189 487 1218 non
499 1176 644 1230 transtt
673 1175 727 1215 ad
736 1174 902 1216 haeredes
924 1173 1047 1230 cefflo-

170 1236 279 1279 narii
291 1237 400 1290 ‚five
414 1233 642 1277 donatarii.

34 1315 37 1346 2
59 1310 93 1337 1
85 1310 113 1348 {-
141 1301 303 1340 Mortuo
333 1295 562 1342 donando,
598 1294 693 1345 ejus
704 1292 872 1332 har-edes
893 1292 1046 1350 poff'unt

33 1353 38 1406 Ι
165 1367 302 1412 petere
323 1352 643 1407 confirmationem
668 1350 885 1393 donationis
909 1351 1044 1412 Jurts-

36 1450 38 1455 .
163 1423 399 1470 patronatus
414 1414 462 1454 ab
480 1411 722 1455 Ordinario.

35 1466 39 1518 ἰ
59 1489 107 1526 ις
141 1473 345 1527 Consensus
371 1469 578 1514 ordinarii
601 1469 819 1512 retrotrahi
843 1484 916 1513 non
922 1470 1046 1525 potest

35 1544 39 1574 ·,
167 1534 226 1576 ad
245 1532 347 1573 diem
374 1530 593 1573 donationis
607 1530 958 1599 Jurispatronatus
972 1559 986 1579 ,
1003 1533 1050 1586 st

34 1602 40 1643 Ι
163 1593 295 1635 medio
310 1601 478 1645 tempore
478 1590 613 1644 fuerit
627 1588 751 1630 alteri
763 1589 1041 1645 qusquaesttum

35 1667 41 1703 ς
111 1681 119 1687 -
134 1654 272 1706 secus
277 1652 323 1707 st
327 1660 471 1706 agatur
479 1650 526 1690 de
543 1650 669 1706 legato
680 1648 1045 1706 Jurtspatronatus,

124 1750 138 1754 ,-
170 1724 263 1755 tunc
306 1709 407 1751 enim
446 1709 639 1762 consensus
677 1709 965 1751 retrotrahitur
989 1710 1066 1750 ad.

37 1805 41 1818 .
170 1771 277 1812 diem
288 1768 427 1811 mortis
439 1767 652 1821 Testatoris
665 1795 679 1816 ‚
691 1767 717 1808 ἃ
733 1782 811 1824 qua
824 1769 925 1811 cedit
941 1769 1048 1826 lega-

37 1819 42 1866 Ῑ
175 1842 285 1872 tum:
307 1832 348 1871 δε
368 1833 555 1871 num-16.

23 1897 42 1926 <⁶
60 1903 79 1932 ι
90 1905 113 1944 7
146 1893 263 1956 Qae
253 1889 314 1942 fit
326 1887 547 1945 dtffirentia
563 1887 669 1929 inter
683 1889 853 1946 legatum
867 1917 882 1938 ‚
906 1888 956 1932 &¹
975 1890 1047 1931 do-

0 1994 8 2004 ,
38 1956 43 2000 Ι
174 1948 399 1992 nationem.

0 2040 43 2071 t
63 2023 80 2051 ι
90 2012 114 2050 8
147 2009 394 2063 Compatroni
433 2020 526 2051 ante
564 2007 890 2063 confirmationem
924 2009 1047 2065 legati

0 2086 42 2134 Ι»
166 2067 359 2124 portionis·
374 2067 838 2128 Jurispatronatusfacqi
855 2069 904 2110 ab
919 2070 1048 2110 altero

39 2137 44 2192 ff
118 2147 125 2152 ⁴
174 2133 425 2182 compatrono
433 2127 581 2184 poffimt
588 2129 852 2180 praesentare,
867 2127 915 2171 ὰ
930 2143 1045 2170 non..-

24 2209 30 2214 >
172 2198 355 2231 tenentur
380 2186 590 2242 expet‘iare
615 2186 762 2228 dietam
784 2187 1045 2242 confirmatio-

177 2263 283 2291 nem-

41 2321 127 2369 ¹9
142 2307 346 2352 Generalis
358 2307 540 2366 exprefflo
554 2334 568 2356 ‚
599 2320 681 2362 quae
694 2308 748 2348 ad
759 2321 876 2348 unum
889 2308 1049 2350 tantum

44 2410 45 2415 ,
172 2368 318 2422 referri
336 2369 467 2417 valet,
480 2368 645 2410 habetur
654 2379 727 2421 pro
744 2367 1003 2424 exprefflone'
987 2381 1048 2410 tn-

42 2431 46 2481 ᾗ
170 2428 409 2470 dividualt‘.

42 2484 46 2535 ἓ
59 2498 79 2526 2
88 2500 112 2527 0
126 2487 380 2531 Ordinarius
395 2486 758 2542 qualitercumque
743 2499 784 2528 m
794 2485 944 2529 ambus
951 2500 1046 2543 pro-

151 2547 405 2603 portianatis
422 2547 605 2603 agnoscat
635 2545 884 2602 Legatarium
909 2548 1046 2616 ‘Juris-

165 2616 404 2662 patronatus
435 2607 476 2647 in
503 2619 645 2647 verum
662 2609 871 2648 Patronum
883 2633 898 2655 ,
924 2608 1046 2650 tacite?

131 2684 133 2686 ·
170 2666 343 2723 legatum
355 2667 565 2723 confirmat
582 2696 594 2707 .

0 2707 10 2796 ζ
46 2736 108 2765 121
144 2725 235 2767 Sola
250 2724 393 2779 petitio
420 2725 724 2781 confirmationis
744 2724 963 2779 praeservat
975 2730 1046 2780 jus

167 2783 380 2842 Legatart‘o
398 2812 411 2833 ,
435 2796 507 2827 aut
540 2784 762 2827 Donatario
778 2813 791 2832 ‚
823 2784 964 2827 adebut
975 2788 1045 2840 se-

47 2858 49 2901 Ι
169 2859 291 2900 quens
306 2844 545 2900 confirmatio
561 2845 872 2892 retrotrahatur,
889 2859 961 2887 non
977 2847 1045 2887 ob-

46 2911 51 2967 j
126 2934 132 2939 -
154 2902 295 2952 stante
303 2903 593 2958 praesentatione
607 2905 727 2947 medio
741 2915 909 2957 tempore
921 2905 1044 2959 fac'la

46 2971 51 3020 ς
166 2974 239 3017 per
256 2963 441 3006 baredem
453 2992 466 3004 .

46 3026 105 3072 3²2
129 3023 346 3078 *Epifiopua
355 3022 624 3066 committendo
643 3023 811 3072 Vicat-io,
831 3026 935 3079 quod
943 3036 1047 3079 prae-

154 3083 317 3137 fintato
323 3095 399 3138 per
410 3083 661 3140 Legatarium
669 3083 946 3137 institutionem
959 3098 1046 3127 con·

130 3179 142 3185 ⁴,
160 3142 281 3185 *cedat
293 3169 310 3194 ,
323 3141 469 3184 dicitur
487 3142 672 3198 implicite
688 3149 884 3201 Legatum
902 3156 1044 3200 appro-

168 3202 262 3244 bare
273 3231 289 3244 .

0 2535 46 2614 ί
30 2565 47 2607 ι

0 2874 11 3097 --v-*-·==v

49 3168 53 3203 0

48 3238 54 3326 ἱ

137 3358 168 3422 ¹.
227 3381 333 3423 Pars
348 3383 411 3425 VI.
450 3371 456 3375 ’

0 3177 8 3456 -υ--ᾼν-Ἷ

1971 96 2104 156 459

1351 221 1753 267 DEc1S1o
1822 224 1873 265 x.

1225 336 1528 394 Uspatronatus
1552 339 1873 384 Ecclesiasticum
1904 341 2007 384 licet
2037 342 2109 383 in.»

1241 399 1391 440 laicum
1406 401 1647 455 particulari
1668 400 1793 442 titulo
1809 401 2022 442 transferri
2039 416 2112 443 ne-

1174 469 1303 515 queat
1321 457 1402 500 fine
1417 456 1569 499 assensu
1589 455 1786 514 Episcopi
1807 476 1816 499 :
1847 461 1888 500 Si
1907 471 2044 501 tamen
2064 463 2107 502 in

1174 518 1423 560 testamento
1438 519 1622 572 legatum
1637 517 1780 566 fucrit,
1795 515 1988 559 assensum
2005 533 2111 574 prae-

1173 578 1328 620 dietum
1358 590 1444 619 non
1461 578 1618 634 requiri
1646 578 1744 634 quia
1761 589 1861 619 tunc
1879 579 2110 633 acquiritur

1171 650 1246 692 per
1260 636 1565 685 succeffionem‚
1580 635 1764 678 sustinuit
1779 636 1946 678 Federic.
1958 638 2004 677 de
2020 640 2107 677 Sen.

1174 697 1215 736 in
1232 698 1383 750 cons.22
1396 708 1433 745 ς.
1447 710 1516 750 per
1530 706 1656 738 totum
1674 711 1684 739 ;
1705 696 1836 748 Cujus
1852 708 1991 738 tamen
2013 696 2108 751 opi-

1172 757 1342 800 nionem
1357 758 1635 798 communiter
1653 757 1944 798 moderniores
1960 769 2111 812 repro-

1172 816 1325 859 barunt
1347 845 1360 865 ‚
1376 827 1420 857 ut
1436 827 1584 858 notant
1595 821 1708 857 Butr.
1723 817 1816 858 Abb.
1842 816 1890 859 &⁴
1904 821 2013 858 Petr.
2028 821 2110 857 An-

1172 877 1329 917 cheran.
1360 875 1400 915 in
1415 887 1496 929 cap.
1515 875 1801 927 Cumsaeculum
1822 890 1887 928 13.
1919 876 1965 916 de
1984 875 2111 934 Jurea

1116 946 1137 972 2
1166 945 1409 989 patronatus
1432 953 1441 976 :
1466 936 1576 977 Illud
1591 938 1691 978 vero
1712 933 1784 978 sub
1802 937 1932 978 dubio
1948 948 2112 977 reman-

1171 994 1218 1036 fit
1238 1009 1278 1040 ε
1294 999 1354 1035 An
1367 1023 1380 1043 ,
1395 1008 1565 1037 vacante
1576 995 1737 1048 Ecclesia
1742 996 1972 1051 priusquam
1986 995 2108 1052 affin-q

1159 1054 1367 1108 susfuerit
1383 1054 1636 1108 impetratus,
1645 1056 2049 1108 prasentatiospec‘let
2059 1052 2116 1094 ad

1171 1114 1426 1169 Legatarium
1441 1143 1454 1162 ‚
1490 1128 1542 1155 an
1566 1114 1698 1168 potius
1724 1116 1780 1155 ad
1807 1115 1992 1156 heredem
2011 1116 2028 1155 ἒ
2061 1113 2111 1155 Id

1172 1173 1290 1230 quod
1306 1174 1347 1214 in
1365 1172 1551 1229 praesenti
1567 1171 1686 1215 causa
1702 1173 2016 1230 disceptandum
2034 1187 2112 1216 ve-

1173 1234 1234 1274 nit
1253 1250 1262 1273 ε
1295 1235 1405 1276 Nam
1425 1235 1621 1275 octavius
1637 1234 1908 1281 Baroncellus
1927 1261 1941 1282 ,
1968 1238 2109 1276 erecto

1171 1291 1382 1335 beneficio
1395 1293 1436 1333 in
1455 1293 1690 1334 Parochiali
1705 1293 1886 1335 Ecclesia
1902 1294 2109 1348 §.Appol-

1171 1353 1314 1394 linaris
1331 1352 1463 1394 Castri
1477 1351 1579 1394 Ruffi
1590 1353 1805 1395 Faventin.
1823 1351 2025 1395 Dioecefis
2037 1380 2050 1400 ‚
2066 1352 2108 1394 in

1171 1410 1245 1454 suo
1262 1412 1511 1454 testamento
1526 1439 1542 1461 ‚
1568 1425 1661 1453 cum
1679 1425 1765 1469 quo
1791 1412 1958 1455 deceffit
1974 1412 2027 1453 de
2040 1424 2114 1455 an-

1173 1486 1229 1514 no
1253 1476 1378 1523 1693.
1402 1472 1576 1514 instituit
1606 1471 1677 1514 fibi
1700 1472 1906 1514 haeredem
1921 1474 2110 1514 Venera-

1173 1532 1302 1574 bilem
1319 1532 1573 1574 Societatem
1591 1534 1630 1574 S.
1646 1532 1788 1573 Mariae
1802 1532 1844 1575 in
1855 1532 1977 1575 Albis
2008 1529 2113 1582 ejus-

1173 1592 1270 1633 dem
1281 1593 1385 1634 Loci
1404 1620 1418 1640 ‚
1434 1595 1473 1633 &
1489 1591 1797 1647 juspatronatus
1811 1593 1972 1647 legavit
1988 1592 2112 1632 Petro

1170 1653 1436 1708 Hieronymo
1467 1651 1719 1693 Baroncello
1757 1649 1830 1693 suo
1860 1649 2110 1706 consangui-

1174 1726 1257 1755 neo
1277 1729 1287 1752 ε
1313 1712 1510 1770 Cumque
1526 1713 1690 1754 vacatio
1711 1725 1794 1754 non
1809 1709 2023 1758 evenisset,
2041 1709 2111 1752 nist

1172 1773 1228 1814 de
1258 1785 1369 1814 anno
1406 1784 1729 1826 1713.—mortuo
1753 1772 1833 1824 jam
1866 1771 2111 1826 Legatario‚

1173 1832 1360 1874 haeredes
1377 1832 1488 1873 illius
1502 1860 1516 1880 ,
1541 1829 1770 1873 transmissis
1784 1831 1836 1873 ad
1849 1831 2115 1872 OrdinarIum

1170 1892 1301 1948 longe
1319 1889 1552 1940 absentem,
1573 1891 1768 1946 precibus
1800 1905 1877 1947 pro
1895 1889 2114 1933 confirma-

1173 1953 1293 1993 tione
1308 1951 1453 2007 legati‚
1471 1950 1770 2008 praesentarunt
1786 1952 1950 1994 interim
1972 1963 2113 1993 coram

1173 2011 1263 2061 ejus
1293 2011 1466 2054 Vicario
1492 2011 1689 2053 Natalem
1716 2012 1945 2054 Antonium
1974 2010 2115 2052 David

1174 2069 1247 2112 sub
1262 2070 1331 2111 die
1350 2083 1416 2120 19.
1431 2071 1530 2122 Maji
1556 2083 1682 2123 1713.
1715 2070 1878 2126 postera
1893 2070 1995 2113 vero
2021 2070 2115 2111 die:

1173 2132 1408 2186 comparuit
1434 2131 1564 2172 haeres
1579 2131 1806 2172 Testatoris
1822 2159 1837 2178 ‚
1866 2134 1905 2173 &
1937 2141 2116 2186 praeten-

1173 2191 1279 2233 dens
1306 2190 1369 2242 jus
1386 2189 1659 2246 praesentandi
1706 2189 1759 2230 ad
1803 2187 1843 2230 se
1889 2190 2115 2246 pertinere,

1172 2249 1434 2307 praesentavit
1450 2250 1731 2306 Pellegrinum
1749 2250 2000 2291 Bendolum:
2015 2253 2113 2302 Quo

1173 2310 1445 2352 renunciante
1475 2310 1571 2351 huic
1587 2307 1897 2366 praesentationi
1930 2307 2001 2351 sub
2021 2309 2114 2350 die,

1175 2383 1245 2422 30.
1263 2369 1362 2427 ἀίέῇἰ
1380 2368 1525 2411 mensis
1542 2397 1554 2417 ,
1581 2370 1702 2411 aliam
1734 2370 1864 2410 haeres
1892 2368 1993 2411 fecit
2011 2383 2116 2423 prae-

1173 2428 1457 2471 sentationem
1485 2431 1527 2470 in
1543 2427 1759 2483 personam
1773 2429 1957 2470 Gentilis
1976 2428 2115 2483 Legaa

1172 2486 1245 2530 sub
1260 2488 1329 2528 die
1347 2489 1474 2542 prima
1492 2487 1664 2543 Augusti
1683 2489 1872 2543 proxime
1884 2486 2111 2545 sequentis=

1172 2550 1226 2590 Et
1242 2546 1314 2589 sub
1332 2547 1399 2588 die
1412 2547 1561 2604 quinta
1574 2547 1719 2589 mensis
1742 2545 1925 2598 ejusdem
1944 2547 2114 2588 exhibi-

1173 2621 1261 2650 tum
1287 2605 1367 2647 fuit
1398 2620 1540 2648 coram
1554 2607 1724 2648 Vicario
1756 2605 1999 2663 rescriptum
2017 2607 2117 2662 Epi-

1173 2667 1288 2722 scopi
1318 2665 1489 2707 Viennae
1521 2666 1719 2722 degentis
1738 2695 1750 2715 ‚
1779 2666 2020 2709 concedens
2046 2664 2118 2721 ipfi

1172 2726 1344 2769 Vicario
1360 2724 1599 2767 facultatem
1634 2726 1894 2782 approbandi
1913 2727 2116 2782 legatum,

1174 2787 1285 2829 veris
1300 2786 1570 2829 existentibus
1585 2788 1780 2829 narratis:
1801 2787 1930 2842 Ptout
1948 2799 2041 2827 cum
2057 2783 2119 2827 ef-

1166 2847 1275 2891 fedtu
1289 2843 1380 2888 vifis
1398 2845 1589 2887 videndis
1609 2846 1715 2887 illud
1733 2846 1984 2902 approbavit
2004 2874 2015 2885 .

1226 2906 1272 2948 In
1292 2906 1374 2947 hoc
1393 2905 1495 2947 statu
1516 2919 1650 2947 rerum
1670 2905 1855 2948 formato
1877 2905 2122 2956 judicioin-

1169 2977 1234 3007 ter
1262 2965 1419 3008 dictum
1437 2966 1638 3007 Natalem
1658 2966 1798 3008 David
1830 2964 2122 3021 praescntatum

1168 3027 1220 3067 ab
1239 3024 1477 3066 haeredibus
1498 3025 1707 3080 Legatarii
1729 3054 1741 3073 ,
1775 3029 1814 3066 &
1834 3025 1986 3068 dietum
2003 3025 2122 3066 Gen-

1168 3085 1287 3126 tilem
1303 3085 1361 3126 Le
1371 3098 1465 3142 gam
1484 3083 1773 3140 praesentatum
1791 3085 1843 3126 ab
1861 3084 2024 3126 haerede
2041 3086 2123 3125 Te-

1164 3145 1330 3186 statoris
1346 3171 1359 3191 ‚
1390 3145 1553 3199 prodiit
1578 3142 1955 3185 sententiaVicarii
1972 3144 2120 3185 favore

1166 3204 1326 3250 David,
1347 3216 1470 3258 quarn
1487 3203 1627 3258 postea
1645 3202 1909 3246 confirmavit
1924 3205 2123 3245 Eminen-

1167 3262 1338 3308 tiffimus
1361 3265 1544 3319 Legatus
1562 3263 1848 3304 Romandiolae
1877 3264 2022 3318 Judex
2052 3263 2124 3305 de-

1172 3322 1337 3378 legatus
1353 3335 1427 3379 per
1443 3323 1576 3367 Breve
1595 3322 1907 3377 Apostolicum:
1943 3322 2026 3363 Sed
2057 3335 2123 3362 rc-

1532 3380 1578 3422 M
1593 3396 1631 3425 m
1645 3396 1683 3423 m
1727 3396 1746 3423 2
1914 3383 2121 3424 clamante
