2392 3730
260 148 324 253 121.
349 211 459 247 Nemo
480 205 667 253 promoveri
686 204 790 250 potest
818 204 858 238 ad
891 204 1003 237 Sacros
1027 202 1154 237 ordines
1168 225 1179 242 ,
1201 200 1258 236 nisi

310 259 398 306 prius
409 255 550 302 legitime
571 251 693 288 constet
706 275 718 292 ,
738 263 812 286 eum
835 251 953 286 habere
974 249 1169 284 Beneficium
1197 248 1259 283 Ec·-

311 303 512 341 clefiasticum
523 326 535 342 ‚
550 301 701 337 sufficiens
718 298 757 333 ad
768 297 931 333 honestam
944 296 1235 332 sustentationem-2
1248 319 1260 336 ,

312 354 368 388 vel
382 351 420 387 ad
432 350 534 385 minus
549 347 793 394 patrimonium,
819 346 873 381 vel
891 344 1080 380 Pensionem
1094 368 1105 378 .
1122 355 1162 391 4¹
1170 347 1202 379 6.
1229 354 1258 376 ι.

312 399 456 442 Intellige
468 421 479 437 ‚
499 405 535 430 ut
555 394 604 431 ibi
614 419 624 430 .
1026 439 1043 447 ..
1167 439 1173 445 ·

266 447 327 486 VI.
354 444 513 490 Episcopo
525 443 558 477 S.
571 442 686 478 Crucis
696 442 780 477 della
791 441 897 476 Sierra
910 442 941 475 in
965 439 1061 474 Indus
1094 436 1259 474 Occiden-

314 493 428 529 talibus
443 490 622 526 concessum
634 489 694 524 fuit
707 514 718 530 ,
737 498 774 524 ut
794 498 987 532 promovere
1009 487 1115 520 valeat
1140 484 1179 519 ad
1199 484 1260 519 Sa-

315 552 388 576 cros
400 539 528 574 ordines
540 539 571 571 in
585 537 729 571 Civitate
745 536 777 570 S.
790 535 947 570 Laurentii
962 534 1041 567 dela
1053 532 1175 567 Branca
1187 542 1258 572 eos,

318 599 401 634 quos
413 587 478 632 ipse
507 585 690 619 necessarios
715 583 928 623 judicaverit,
950 581 1025 615 licet
1045 590 1104 615 nec
1130 577 1262 632 Issenefi-

317 638 425 674 cium,
439 644 497 668 nec
509 631 690 678 pensionem
705 653 716 671 ,
732 639 792 664 nec
816 629 1050 666 Patrimonium
1075 626 1261 662 obtineant.

271 685 516 766 vff‘g'rgfnum
562 725 708 760 Collatio
731 733 766 759 ut
805 725 925 760 dicatur
953 723 1040 758 nulla
1066 730 1131 757 tam
1156 720 1264 775 quoad

316 775 550 821 impressionem
560 772 763 807 characteris
774 796 786 813 ‚
796 783 889 818 quam
902 770 1010 817 quoad
1022 778 1136 805 votum
1159 776 1265 803 conti-

320 824 431 859 nentiae
446 820 524 866 quid
545 820 736 864 requiritur.
761 830 841 866 354
856 831 886 853 1.
1176 863 1183 870 υ
1246 862 1253 871 ι

273 871 303 907 1.
327 871 381 905 Ad
393 869 506 903 Sacros
515 867 643 902 ordines
656 866 719 901 fine
728 867 824 901 titulo
837 877 902 901 non
915 864 1020 911 potest
1031 866 1102 911 quis
1113 864 1266 900 ordinari.

271 964 298 999 1.
322 920 476 999 2Aqi1-he51'io
489 963 609 998 ordinis
644 962 730 997 Sacri
756 961 924 1008 dupliciter
946 959 1135 995 considerari
1162 956 1267 1005 potest

319 1010 467 1057 respectu
493 1010 611 1044 scilicet
633 1009 813 1055 aptitudinis
827 1033 838 1050 ,
862 1010 896 1044 &
922 1005 1071 1053 respectu
1095 1006 1183 1043 actus
1199 1030 1211 1047 ‚
1231 1006 1267 1042 &

321 1069 393 1105 quae
406 1058 442 1091 fit
461 1057 555 1098 hujus
569 1057 745 1094 differentia
758 1081 768 1091 .
796 1056 874 1102 248.
888 1065 902 1088 1
912 1067 940 1088 1.

369 1104 452 1140 Vide
466 1106 498 1140 in
513 1105 604 1140 verb.
618 1106 768 1145 σοαὲῐίο,
789 1103 1031 1144 Sacerdotium,
1057 1101 1266 1149 Consuetudo.
1319 1143 1321 1145 q

531 1200 1014 1241 ORGANISTA.

276 1296 324 1331 ΙΙ.
347 1294 458 1332 Potest
469 1296 501 1329 in
514 1295 620 1329 limine
632 1295 823 1331 fundationis
832 1293 1045 1330 canonicatus
1058 1294 1174 1341 apponi
1185 1302 1266 1329 onus

321 1342 488 1390 organistae
503 1366 512 1376 .
537 1345 614 1382 508.
625 1353 682 1388 47.

493 1439 1055 1479 ORIGINARIUS.

275 1539 303 1570 1.
329 1535 436 1571 Stante
449 1536 520 1583 lege
535 1533 727 1570 fundationis
738 1532 935 1570 Beneficium
956 1531 1198 1574 adjudicandum
1223 1529 1269 1565 est

321 1585 494 1629 originario
508 1608 519 1624 ‚
536 1585 570 1619 &
583 1582 792 1628 patrimoniali
806 1582 845 1616 ad
856 1581 1079 1617 Exclufionem
1101 1579 1245 1615 extranei
1259 1601 1270 1619 ,

321 1642 385 1665 non
396 1631 539 1666 obstante
553 1630 640 1677 quod
651 1629 706 1663 iste
720 1630 756 1664 fit
765 1631 865 1675 magis
877 1630 1011 1664 idoneus
1022 1651 1032 1661 .
1047 1638 1125 1673 242.
1141 1639 1193 1662 22.

273 1675 318 1712 ΙΙ.
344 1677 516 1723 Originarii
529 1678 627 1724 magis
639 1677 773 1722 diligunt
782 1676 952 1712 Ecclefiam
963 1700 974 1716 ‚
989 1677 1024 1712 δι’,
1037 1675 1177 1709 Patriam
1189 1697 1201 1715 ,
1224 1685 1267 1708 ex

322 1737 386 1770 qua
399 1725 467 1760 sunt
478 1751 488 1765 ,
502 1726 622 1760 facilius
634 1724 821 1759 inducuntur
832 1724 871 1759 ad
886 1723 1086 1757 residentiam
1099 1745 1110 1761 ,
1136 1723 1172 1757 &
1196 1732 1267 1755 ma-

317 1773 381 1812 jori
396 1773 566 1808 affectione
579 1783 686 1806 curam
704 1771 822 1805 habent
832 1770 873 1805 de
887 1770 987 1805 Bonis
1003 1768 1267 1814 Ecclefiae‚qu·am

322 1819 454 1854 Exteri.
469 1831 482 1853 1
513 1825 545 1856 6.
583 1844 592 1853 .

272 1866 320 1901 11.
345 1866 466 1920 Qoad
484 1832 680 1901 1⁷3ene45cium
693 1873 836 1900 curatum
856 1865 983 1911 dignior
1005 1863 1073 1904 est,
1098 1865 1133 1899 &
1153 1866 1268 1900 melior

275 1926 544 2007 ssogffigffissfus
555 1916 696 2000 {igi-cst,
709 1960 797 2006 quod
808 1960 845 1995 sit
855 1960 967 1995 habilis
975 1984 987 2001 ‚
999 1959 1038 1994 ad
1051 1958 1115 1993 hoc
1134 1967 1170 1994 ut
1183 1971 1267 2006 prae-

323 2008 397 2043 ferri
410 2008 499 2052 poffit
513 2010 676 2044 Extraneo
687 2009 783 2043 etiam
796 2008 937 2043 idoniori
949 2032 959 2042 .
978 2019 1054 2054 177.
1067 2020 1101 2050 9.

275 2059 322 2090 11·
346 2056 541 2102 Originarius
554 2057 664 2091 habilis
674 2079 685 2096 ,
699 2056 732 2090 &
744 2055 798 2089 ille
805 2057 859 2101 qui
871 2055 916 2089 est
931 2055 971 2089 de
982 2056 1106 2101 gremio
1118 2054 1265 2091 Ecclefiae

321 2104 644 2186 ffassffffehl'ssiffi
667 2102 711 2184 ⁶1*
726 2102 1266 2196 ff‘ssissassfgik‘g‘d'sssffrffldss

352 2163 373 2186 x
388 2163 403 2184 r
464 2164 486 2186 o
627 2163 632 2170 ·
657 2174 668 2190 ,
750 2173 759 2183 .
794 2174 804 2184 .
925 2174 934 2184 .
1008 2173 1018 2183 .
1069 2172 1079 2182 .
1139 2173 1150 2184 .
1208 2173 1217 2183 .

236 2222 239 2226 x
327 2209 380 2244 17.
391 2197 431 2232 Et
444 2199 564 2244 quare?
579 2202 692 2243 176.4.
704 2164 831 2241 {amplia
842 2204 878 2230 ut
889 2195 938 2231 ibi
953 2206 987 2238 5.

274 2241 319 2276 11.
344 2245 446 2289 Qod
459 2246 632 2291 Originarii
644 2269 655 2284 ,
682 2246 716 2279 &
738 2244 981 2281 patrimoniales
1008 2243 1128 2279 habiles
1154 2245 1267 2288 praefe-

322 2299 430 2326 rantur
451 2293 568 2325 exteris
599 2291 807 2326 habilioribus
818 2314 830 2331 ,
857 2290 1106 2327 consentaneum
1127 2291 1173 2326 est
1198 2293 1266 2334 Juri

322 2339 506 2373 communi.
521 2341 598 2385 176.
614 2349 646 2384 3.
662 2339 697 2372 &
717 2350 792 2384 ¹77·
811 2347 866 2375 11.
1260 2382 1263 2385 Δ

276 2383 334 2420 VI.
359 2385 533 2431 Originarii
552 2386 581 2418 in
597 2385 804 2419 Affecutione
817 2383 1053 2420 Beneficiorum
1076 2386 1147 2421 sunt
1159 2397 1266 2422 nom:

323 2432 500 2477 originariis
514 2431 698 2477 praeferendi
712 2455 722 2466 .
736 2444 753 2477 3
759 2432 848 2479 38.2.
1167 2430 1171 2434 ’

275 2478 302 2514 1.
327 2479 460 2523 Origina
466 2480 530 2513 rius
541 2491 604 2513 non
618 2479 658 2513 de
666 2480 844 2513 necestitate
856 2501 867 2518 ‚
879 2477 931 2512 sed
944 2478 985 2513 de
1005 2479 1169 2517 honestate
1182 2491 1267 2528 prae-

319 2526 464 2562 ferendus
476 2525 521 2561 est
532 2527 696 2562 Extraneo
708 2551 718 2562 .
732 2538 769 2571 ²3
775 2538 808 2572 7.
821 2536 852 2571 5.
861 2524 977 2562 Limita
986 2525 1036 2564 ibi
1044 2532 1078 2564 6.

555 2623 988 2664 ORNATIOR.

277 2715 322 2753 11.
344 2716 499 2754 Ornatior
519 2718 662 2756 moribus
673 2717 718 2753 cst
730 2716 945 2764 praeferendus
958 2740 969 2751 .
997 2726 1073 2764 171.
1090 2731 1125 2765 7.

732 2814 788 2893 P

599 2953 937 2989 PACTUM.

276 3044 306 3080 1.
324 3045 396 3126 IN
406 3048 643 3092 praesentatione
654 3073 666 3089 ‚
695 3049 944 3102 aut-collatione
967 3049 1096 3103 apponi·
1106 3060 1168 3084 non
1192 3046 1268 3102 pos.-

384 3095 451 3147 sunt
462 3096 552 3140 pafita
563 3121 575 3138 ,
585 3097 620 3131 &
643 3096 843 3131 conditiones
868 3102 1037 3130 contrariae
1049 3095 1262 3143 idispofitiom

274 3190 307 3226 1.
320 3142 523 3222 1ἕὲἕῦιὲςὲίὶ
536 3156 681 3226 illicitum
691 3215 702 3232 ,
711 3192 745 3227 &
755 3190 969 3226 Simoniacum
982 3213 993 3228 ‚
1016 3191 1145 3236 quando
1159 3203 1262 3238 appo-

322 3235 407 3270 nitur
419 3237 501 3271 circa
525 3236 703 3281 spiritualia
717 3261 729 3278 ,
757 3239 809 3274 vel
831 3237 1050 3285 spiritualibus
1073 3250 1232 3275 annexa-2
1248 3262 1260 3274 .

274 3326 304 3363 1.
326 3291 461 3364 11³5a96iiim
474 3343 483 3364 ε
498 3333 557 3367 che
570 3331 597 3367 il
603 3332 756 3367 Canonico
761 3332 869 3374 stando
881 3332 996 3382 assente
1006 3333 1090 3370 dalla
1100 3333 1263 3383 nfidenzae

316 3384 378 3423 per
387 3379 440 3412 un’
451 3389 547 3421 anno,
555 3381 582 3414 s’
592 3378 720 3415 intenda
725 3387 787 3427 per
794 3381 827 3417 la
837 3382 927 3418 detta
934 3379 1079 3433 Affinza
1090 3382 1129 3418 da
1141 3381 1189 3418 lui
1196 3391 1263 3419 me-

727 112 929 180 lndex
975 111 1258 185 Rerum,
1309 109 1371 176 8<
1420 107 1820 178 Verboru'm‘:

1365 200 1476 244 delimo
1487 205 1676 249 renunziato
1688 202 1716 237 il
1723 203 1810 238 detto
1822 200 2015 240 canonum
2029 202 2054 244 ἶ
2069 201 2123 239 Au
2133 206 2314 242 contrari&

1366 257 1418 283 tur
1430 249 1584 283 Concilio
1597 249 1786 285 Tridentino
1798 274 1809 284 .
1825 258 1937 293 ¹59³·

1318 295 1348 330 1.
1373 295 1533 342 Apposito
1549 296 1644 341 padio
1657 298 1688 332 in
1713 297 1951 342 praesentatione
1968 307 2042 333 cum
2069 298 2288 340 conditionQ
2298 327 2311 345 ,

1364 343 1455 389 quod
1466 343 1502 377 sit
1515 343 1636 380 licitum
1649 367 1660 385 ‚
1672 343 1874 390 praesentatio
1881 343 1998 380 dicitur
2010 345 2090 390 pure
2102 370 2114 386 ‚
2133 348 2170 383 δε
2191 347 2313 395 fimpli.

1364 391 1447 424 citer
1459 389 1542 426 faeta
1554 415 1564 432 ‚
1577 393 1704 438 quoties
1715 391 1843 437 pactum
1853 389 1898 425 est
1909 392 2055 427 illicitum
2064 416 2076 427 .
2092 403 2106 427 1
2114 406 2170 439 59.
2180 408 2217 443 4.

1315 435 1363 472 11.
1389 436 1524 472 Paetum
1534 462 1546 479 ,
1556 447 1591 473 ut
1602 440 1781 475 nominatus
1802 438 1842 473 ad
1863 437 2098 476 canonicatum
2122 443 2310 489 erigendum

1367 491 1515 520 teneatur
1524 486 1657 521 reficere
1666 486 1819 531 expensas
1834 493 1922 530 ‚quae
1933 495 2105 532 erogantur
2115 490 2147 523 in
2158 490 2215 525 lite
2243 494 2312 539 agi-
2383 512 2385 514 -

1369 539 1436 566 tata
1448 544 1507 578 pro
1518 532 1595 567 dieti
1608 533 1822 568 canonicatus
1833 531 1995 568 erectione
2009 556 2021 573 ,
2032 545 2071 569 an
2090 535 2128 571 fit
2149 537 2310 575 Simonia-

1370 589 1444 614 cum
1455 603 1465 613 .
1481 591 1519 614 2¹
1547 605 1557 615 .
1573 595 1601 615 z.

1322 624 1474 709 ILSQae
1482 592 1573 680 pagta
1583 629 1700 674 apponi
1710 628 1876 674 possuntin
1893 628 2135 674 praesentatione
2160 632 2310 679 absqum

1397 686 1515 709 imoma
1529 699 1539 710 .
1555 686 1635 723 2¹4·
1648 689 1679 712 2.

1325 719 1367 754 11.
1392 721 1547 763 Pactum,
1568 724 1603 759 &
1630 723 1806 758 conventio
1831 723 1876 758 est
1898 723 1999 759 forma
2012 735 2099 770 ‚qua
2110 725 2311 765 constituitur
2383 736 2392 764 .’

1375 768 1516 804 Simonia
1527 793 1538 804 .
1551 783 1627 806 222.
1651 781 1702 812 15.

1325 813 1370 850 11.
1395 816 1532 851 Pactum
1545 817 1720 863 appofimm
1733 820 1762 854 in
1776 819 1882 854 limine
1893 818 2083 854 fundationis
2094 842 2106 860 ,
2117 822 2206 866 quod
2220 822 2309 868 Cap·

1373 865 1510 908 pellania
1523 874 1685 900 remaneat
1697 866 1819 912 semper
1830 878 1946 902 vacans
1958 889 1969 906 ,
1991 866 2089 912 usque
2112 878 2179 912 quo
2200 869 2344 910 habitus

1374 922 1417 947 ex
1432 911 1691 948 descendentibus
1702 914 1867 948 adveniret
1880 914 1919 949 ad
1931 915 2016 948 iliam
2027 915 2200 951 obtinenda
2210 941 2222 957 ‚
2233 918 2268 953 &
2282 919 2313 953 in

1374 960 1430 993 tali
1441 958 1526 994 Casu
1544 961 1667 995 interim
1680 960 1769 996 Bona
1777 963 1809 996 in
1820 961 1931 998 dotem
1952 961 2097 1007 assignata
2119 963 2315 1007 possideren-

1374 1014 1426 1041 tur
1438 1006 1456 1040 ὲ
1468 1007 1612 1042 Patrono
1623 1019 1688 1042 non
1702 1008 1866 1044 sustinetur
1876 1032 1886 1042 .
1915 1020 1952 1054 5¹
1961 1020 1992 1043 2.
2008 1024 2037 1044 ι.

1325 1049 1371 1085 11.
1397 1049 1532 1088 Paetum
1557 1057 1749 1092 contrarium
1771 1056 1837 1097 Juri
1859 1057 2066 1101 approbatum
2089 1058 2130 1092 ab
2151 1058 2315 1106 Episcopo
2374 1079 2376 1082 >

1374 1113 1445 1136 curn
1458 1102 1595 1136 clausula
1608 1126 1618 1143 ,
1628 1104 1787 1139 dummodo
1801 1101 1912 1147 nonsit
1924 1104 2004 1145 {Juri
2014 1107 2208 1142 contrarium
2218 1131 2229 1148 ‚
2248 1119 2314 1144 non
2370 1104 2374 1115 ”

1375 1149 1493 1184 dicitur
1508 1150 1716 1194 approbatum
1733 1174 1743 1191 ,
1755 1150 1807 1185 sed
1817 1150 1965 1196 expresse
1975 1150 2128 1191 reiedum
2140 1177 2150 1187 .
2162 1165 2180 1196 5
2189 1165 2201 1188 ι
2209 1166 2239 1189 2.
2257 1168 2290 1191 2.

1327 1193 1375 1228 11.
1399 1196 1533 1232 Pactum
1550 1220 1561 1237 ‚
1583 1198 1670 1243 quod
1687 1199 1843 1233 Patronus
1865 1199 1997 1244 recipiat
2016 1198 2138 1235 fructus
2160 1200 2316 1238 Beneficii
2374 1224 2376 1226 ·

1374 1245 1517 1289 permiffa
1528 1244 1677 1279 diuturna
1692 1246 1856 1280 vacatione
1871 1257 1935 1281 non
1952 1245 2056 1291 potest
2082 1249 2251 1293 approbari
2276 1252 2316 1286 ab

1374 1291 1534 1337 Episcopo
1546 1315 1558 1332 ,
1574 1292 1627 1326 sed
1642 1294 1813 1338 requiritur
1826 1293 2016 1339 approbatio
2027 1293 2123 1339 Papae
2133 1319 2144 1329 .
2167 1307 2243 1343 513.
2257 1309 2291 1343 5.

1325 1339 1369 1374 V.
1393 1338 1528 1374 Paetum
1542 1339 1654 1384 ,quod
1676 1348 1847 1374 corruente
1872 1340 2011 1376 Ecclefia
2039 1340 2100 1376 dos
2119 1353 2315 1388 revocetur,
2376 1339 2377 1342 ¹

1374 1387 1493 1431 apponi
1506 1398 1569 1421 non
1581 1388 1668 1422 valet
1677 1388 1708 1421 in
1723 1388 1830 1423 limine
1838 1387 2031 1424 fundationis
2047 1390 2145 1427 etiam
2169 1391 2211 1427 de
2233 1394 2315 1428 con·

1375 1432 1464 1468 sensu
1477 1433 1625 1479 Episcopi
1636 1457 1646 1468 .
1657 1445 1714 1479 9ς.
1733 1447 1782 1472 12.

1635 1532 1662 1567 P
1688 1536 1720 1571 A
1744 1531 1776 1567 G
1802 1534 1834 1568 A
1860 1532 1895 1567 Ν
1921 1533 1949 1567 U
1973 1534 2016 1570 S.

1325 1624 1356 1660 Ι.
1375 1625 1521 1671 Paganus
1533 1624 1579 1660 est
1591 1623 2016 1671 incapaxJurispatronatus.
2046 1631 2124 1663 126.
2145 1642 2174 1664 ι.

1714 1723 1742 1758 Ρ
1767 1723 1798 1758 Α
1823 1724 1850 1757 Ρ
1875 1728 1930 1762 Α.

1326 1816 1353 1851 Ι.
1377 1820 1464 1862 Papa
1475 1817 1520 1852 est
1543 1817 1703 1852 Dominus
1724 1818 1863 1852 omnium
1890 1816 2124 1854 Beneficiorum
2137 1843 2148 1853 .
2165 1790 2218 1864 {4-
2237 1830 2290 1857 η.

1326 1865 1358 1898 Ι.
1381 1866 1468 1910 Papa
1481 1865 1583 1910 potest
1595 1864 1746 1899 Ecclefias
1758 1865 1873 1899 liberas
1884 1866 2138 1911 Juripatronatus
2149 1866 2314 1909 subjicere.

1377 1921 1430 1958 54.
1449 1927 1461 1947 ι
1472 1925 1500 1947 ι.

1325 1957 1352 1993 Ι.
1376 1959 1463 2004 Papa
1477 1971 1540 1994 non
1550 1959 1606 1994 nifi
1618 1971 1662 1995 ex
1676 1959 1840 1995 honestate
1849 1972 1912 1995 non
1922 1961 1996 1996 alias
2011 1962 2150 1998 admittit
2173 1962 2314 2009 resigna·v
2366 1991 2367 1995 ,

1372 2008 1493 2042 tionem
1506 2031 1516 2047 ,
1529 2019 1623 2053 quam
1638 2008 1677 2042 a'd
1691 2008 1896 2043 commodum
1918 2009 2091 2054 qualificati
2115 2011 2155 2045 ad
2177 2009 2314 2046 formam

1375 2053 1586 2094 fundationis,
1604 2063 1657 2089 aut
1669 2055 1835 2101 Privilegii
1847 2079 1857 2089 .
1889 2065 1966 2097 230.
1982 2068 1995 2091 1
2006 2067 2035 2090 1.

1324 2105 1353 2136 1.
1380 2100 1466 2147 Papa
1491 2102 1637 2138 rai-imme
1669 2102 1747 2137 solet
1778 2103 1933 2149 derogare
1967 2103 2046 2151 Legi
2084 2103 2288 2142 Fundationis
2304 2130 2315 2140 .

1377 2161 1395 2183 2
1429 2160 1456 2183 1.
1471 2162 1488 2184 2
1498 2160 1525 2184 1.

1324 2196 1354 2230 1.
1379 2160 1464 2240 Pipa
1475 2198 1593 2232 ultimae
1605 2198 1762 2232 voluntati
1785 2197 1865 2231 solet
1878 2198 2034 2244 derogare
2045 2223 2055 2233 .
2079 2211 2155 2245 ²4¹·
2166 2209 2220 2236 21.

1325 2249 1355 2282 1.
1379 2243 1491 2279 Nullus
1506 2244 1582 2284 ,nisi
1593 2245 1680 2289 Papa
1691 2244 1792 2289 potest
1814 2245 2003 2280 constituere
2017 2269 2028 2286 ‚
2042 2248 2077 2282 &
2101 2247 2228 2292 erigere
2250 2246 2313 2282 Ec-

1373 2290 1499 2326 clefiam
1507 2291 1719 2338 Collegiatam
1731 2316 1741 2326 .
1754 2302 1828 2336 252.
1843 2302 1874 2333 3.

1324 2337 1371 2372 11.
1396 2337 1482 2384 Papa
1506 2339 1713 2374 concedendo
1735 2339 1915 2376 facultatem
1941 2340 2105 2376 ordinariis
2129 2341 2312 2376 conserendi

1372 2385 1534 2421 Beneficia
1548 2387 1737 2432 intelligitur
1745 2411 1759 2427 ‚
1769 2398 1839 2423 eam
1850 2389 2013 2423 contulisse
2025 2389 2263 2430 accumulative,
2275 2390 2311 2424 &

1372 2445 1436 2468 non
1450 2434 1607 2478 privative
1620 2459 1631 2468 .
1651 2436 1730 2475 326.
1743 2445 1775 2480 3.
1952 2447 1955 2452 ·

1325 2479 1370 2514 11.
1396 2480 1483 2526 Papa
1498 2482 1529 2515 in
1539 2483 1641 2517 dubio
1653 2493 1717 2516 non
1728 2481 1873 2517 censetur
1884 2484 1966 2518 velle
1979 2484 2112 2519 alterare
2135 2491 2311 2520 naturam,

1370 2526 1546 2568 Beneficii,
1561 2537 1615 2563 aut
1630 2529 1847 2574 Cappellaniae
1858 2554 1869 2564 .
1887 2540 1964 2578 337.
1979 2544 2034 2567 22.

1323 2577 1368 2614 11.
1392 2575 1480 2620 Papa
1496 2575 1668 2620 dispensare
1680 2576 1783 2621 potest
1804 2576 1894 2622 super
1919 2579 2214 2623 incompatibilitate
2237 2579 2312 2624 plu-

1371 2624 1453 2658 rium
1475 2622 1710 2658 Beneficiorum
1719 2647 1729 2663 ,
1752 2623 1804 2658 sed
1826 2635 1890 2659 non
1915 2625 1994 2660 solet
2008 2649 2020 2666 ‚
2045 2625 2101 2660 nifi
2124 2634 2311 2661 concurrant

1372 2671 1493 2705 utilitas
1504 2694 1515 2710 ,
1526 2672 1560 2706 &
1574 2671 1734 2706 necessitas
1746 2671 1890 2705 Ecclefiae
1905 2697 1916 2707 .
1940 2674 2018 2718 358.
2030 2686 2064 2716 9.
2081 2674 2116 2708 &
2129 2673 2195 2719 seq.

1325 2722 1372 2755 11.
1396 2718 1483 2763 Papa
1495 2717 1598 2763 potest
1610 2718 1756 2765 delegare
1767 2720 1985 2765 cognitionem
1997 2719 2110 2755 Causae
2119 2719 2312 2766 jurispatro-

1370 2774 1459 2801 natus
1472 2764 1571 2800 Laico
1584 2789 1594 2800 .
1605 2776 1682 2812 375.
1698 2770 1731 2801 6.

1320 2811 1366 2849 11.
1392 2807 1479 2858 Papa
1490 2823 1659 2857 numquam
1673 2813 1753 2849 solet
1770 2807 1958 2850 Patronatui
1969 2814 2123 2861 derogare
2134 2815 2167 2849 -in
2180 2822 2285 2849 totum
2298 2837 2311 2854 ‚

1371 2859 1427 2894 nifi
1440 2861 1496 2894 lite
1508 2861 1665 2904 pendente
1676 2883 1686 2894 .
1699 2862 1777 2906 386.
1794 2876 1806 2894 ι
1816 2873 1845 2896 1.

1325 2906 1370 2943 11.
1394 2907 1482 2953 Papa
1494 2908 1649 2952 derogare
1660 2907 1739 2942 solet
1751 2909 2007 2955 Juripatronatus
2018 2909 2135 2945 Laicali
2145 2932 2157 2949 ,
2181 2919 2245 2943 non
2258 2906 2312 2942 so-

1374 2954 1439 2990 lum
1452 2954 1580 3000 quando
1590 2954 1785 2990 Beneficium
1796 2957 1966 2992 Patronale
1979 2966 2071 2992 vacat
2095 2958 2127 2991 in
2151 2955 2309 2994 Curia-2,

1372 3002 1427 3037 sed
1438 3003 1533 3037 etiam
1543 3002 1670 3048 quando
1682 3002 1728 3036 est
1738 3003 1775 3037 lis
1786 3004 1867 3039 inter
1883 3004 2041 3040 Patronos
2056 3028 2068 3045 ‚
2090 3012 2144 3039 aut
2162 3013 2308 3038 eorum-2

1373 3050 1578 3094 praesentatos
1589 3073 1600 3084 .
1615 3061 1656 3095 4¹
1663 3061 1695 3084 0.
1713 3060 1741 3083 1.

1321 3099 1368 3134 11.
1393 3097 1483 3142 Papa
1493 3096 1648 3131 difficilius
1659 3109 1793 3142 gravare
1807 3098 1886 3133 solet
1911 3099 2075 3134 Beneficia
2088 3098 2308 3134 Patronaliaa

1366 3143 1570 3179 Penfionibus
1583 3167 1594 3179 .
1603 3143 1646 3185 48
1655 3154 1682 3178 1.
1696 3156 1709 3178 1
1719 3154 1747 3178 1.

1319 3189 1366 3227 11.
1390 3191 1477 3236 Papa
1489 3202 1532 3226 ex
1543 3202 1610 3236 quo
1621 3191 1824 3235 praesumatur
1835 3192 1974 3228 habuisse
2001 3195 2147 3228 notitiam
2171 3192 2308 3238 Jurispa-

1364 3246 1506 3274 tronatus
1516 3247 1581 3274 tam
1591 3236 1689 3274 activi
1702 3262 1714 3279 ‚
1730 3239 1823 3284 quam
1834 3241 1943 3286 paffivi
1955 3243 1988 3276 in
1997 3241 2208 3276 reservatione
2222 3240 2309 3275 Pen-

1366 3286 1483 3321 sionis.
1500 3287 1580 3329 481.
1594 3296 1646 3331 ¹4·

1320 3331 1363 3369 Π.
1387 3332 1491 3381 Qod
1501 3333 1587 3378 Papa
1600 3331 1746 3368 habuerit
1756 3335 1898 3369 notitiam
1909 3334 2175 3382 Jurispatronatus
2198 3333 2308 3381 paffivi

1367 3382 1400 3416 in
1413 3380 1628 3418 reservatione
1640 3380 1795 3427 penfionis
1805 3393 1850 3417 ex
1860 3385 1973 3429 qulbus
1996 3383 2197 3429 praesumatur
2207 3407 2218 3418 .
2230 3382 2307 3424 486.

1371 3438 1425 3472 ¹4·

2170 3432 2218 3465 11.
2242 3429 2306 3464 Ba-
2390 3475 2392 3478 ¹
