2476 3788
350 248 427 293 12

321 351 350 390 4
380 341 573 379 Patronus
585 330 666 386 fibi
699 329 898 384 imputare
929 329 1039 369 debet
1050 330 1097 382 st
1106 326 1289 368 malunt..-

410 398 710 435 Procuratorem
721 388 839 444 elegit
853 389 908 428 ad
914 387 1230 441 presentandum
1246 413 1259 424 .

326 465 346 505 5
379 452 535 508 Aliquis
543 466 615 506 pro
622 450 739 505 fabio
756 447 925 491 alterius
938 474 952 496 ,
977 446 1098 488 etiam
1104 447 1193 502 sine
1206 444 1289 485 cul-

402 526 456 568 pa
469 512 634 567 punitur
647 541 659 552 .
1236 536 1239 539 Α

322 577 348 613 6
379 571 550 616 Scientia
578 568 804 612 vacationis
840 565 1026 621 Beneficii
1057 564 1193 606 habita
1217 575 1292 618 per

407 631 594 674 Tutorem
620 657 634 678 ‚
663 640 735 671 aut
764 633 997 671 Curatorem
1034 623 1203 666 Patroni
1226 623 1291 663 in·

398 693 536 747 fantis
549 719 562 739 ‚
579 700 651 731 aut
670 687 815 744 Pupilli
830 714 845 735 ,
872 685 922 728 ὠ·
938 699 1068 726 eorum
1089 684 1291 740 negligen-

407 753 467 795 tia
484 751 524 792 in
533 748 803 805 prasentando
809 744 1063 801 prejudicat,
1079 744 1128 788 (9-
1145 742 1291 798 lapsum

410 810 573 854 termini
585 808 735 851 inducit
755 835 766 847 ·

317 885 343 924 7
374 873 549 913 Patrono
578 870 661 922 laefh
695 868 722 909 d
754 865 994 923 negligentia
1016 861 1292 907 Procurator-is

407 945 481 972 non
490 928 771 985 praefintantis
799 928 841 967 in
872 937 1044 980 tempore
1070 923 1294 978 estsuccur-

409 991 572 1033 rendum
587 1003 651 1044 ope
677 985 935 1039 restitutionis
949 985 990 1026 in
1013 984 1213 1041 integrum
1222 983 1291 1034 ju-

391 1051 471 1105 stis
488 1048 803 1091 concurrentibus
835 1047 958 1102 causis
975 1061 986 1090 3
1020 1047 1073 1087 Et
1109 1045 1294 1100 quae'sint

402 1110 480 1164 istae
499 1110 647 1162 causa?
663 1106 774 1150 Vide
794 1119 905 1149 num.
925 1106 966 1146 8.
983 1109 1078 1155 9.&
1103 1115 1169 1144 ιο.
1187 1104 1295 1146 Am-

403 1173 489 1226 plia
507 1180 550 1211 ut
567 1183 679 1212 num.
704 1181 721 1208 1
734 1180 770 1206 1.
1191 1193 1194 1199 .

291 1244 339 1275 12
374 1235 545 1274 Patrono
564 1230 687 1283 super
705 1223 859 1269 Statuis
877 1253 891 1274 ,
922 1224 1209 1274 candelabris,
1241 1223 1292 1267 (θ’

405 1291 499 1335 aliis
530 1287 773 1332 ornamentis
807 1287 1005 1341 argenteis
1034 1284 1294 1338 inservienti-

419 1353 490 1394 bus
501 1362 572 1405 pro
585 1361 730 1392 ornatu
742 1345 929 1400 Beneficii
943 1346 1234 1400 ,seuCappellae
1246 1345 1296 1386 ab

405 1412 484 1467 ipso
494 1410 669 1466 propriis
688 1411 866 1464 expensis
880 1405 1061 1461 conflatis
1092 1421 1167 1449 non
1181 1405 1296 1448 aliud

398 1477 468 1527 jus
483 1470 664 1525 competit
677 1498 692 1519 ,
706 1468 851 1525 nisijus
864 1466 1036 1521 ctstodiae
1057 1495 1071 1508 .

493 1565 1074 1612 CASUSII.

405 1654 626 1709 Ntequam
657 1649 830 1707 quidam
859 1650 1070 1691 Patronus
1100 1645 1295 1689 discede-

287 1659 400 1770 A
435 1724 500 1754 ret
526 1714 548 1753 a
568 1711 685 1752 Loco
703 1708 907 1752 Beneficii
940 1710 994 1751 de
1024 1707 1295 1765 squurepa-

347 1785 547 1817 tronatus
566 1800 578 1819 ,
608 1772 828 1815 constituit
854 1770 916 1812 ibi
935 1771 1295 1812 Procuratorem,

344 1849 443 1877 cum
463 1833 664 1874 mandato
678 1831 867 1887 generali
885 1830 937 1871 ad
955 1827 1293 1887 praesentandum

343 1896 392 1936 in
412 1891 507 1936 casu
522 1892 784 1936 vacationis;
808 1892 1020 1946 Tempore
1038 1889 1128 1942 ejus
1146 1887 1296 1931 absen-

346 1956 419 1997 tiae
434 1964 586 1996 vacato
610 1949 824 1994 Beneficio
836 1979 851 2000 ‚
879 1953 1138 1992 Procurator
1152 1950 1213 1990 uti
1230 1948 1297 1990 su-

340 2015 417 2072 pra
445 2013 696 2056 constitutus
715 2040 728 2059 ‚
747 2012 804 2053 lic
819 2011 864 2053 et
882 2011 1077 2053 habuerit
1099 2009 1294 2052 notitiam

340 2071 583 2125 hujusmodi
603 2072 842 2115 vacationis
856 2099 869 2120 ‚
897 2075 939 2113 &
955 2069 1085 2112 fuerit
1103 2070 1294 2112 monitus

343 2135 399 2177 ad
417 2132 764 2190 praesentandum,
778 2143 919 2173 tamen
933 2131 1089 2172 nullam
1103 2130 1295 2186 explevit

343 2192 715 2252 praesentationem
739 2192 850 2233 intra
866 2190 1183 2249 quadrimestre3
1197 2191 1295 2232 Hoc

342 2256 473 2312 igitur
491 2251 632 2308 elapso
653 2282 665 2299 ,
697 2249 928 2308 Episcopus
960 2251 1050 2303 jure
1081 2250 1293 2293 devoluto

345 2315 536 2373 providit
571 2313 624 2354 de
658 2312 771 2354 dieto
787 2309 1003 2354 Beneficio
1036 2311 1295 2368 quemdam)

346 2375 568 2417 Clericum
585 2371 698 2414 suum
715 2371 965 2413 familiarem
982 2387 993 2416 3
1012 2369 1198 2412 Rediens
1217 2372 1296 2411 Pa·-

345 2448 496 2477 tronus
514 2463 526 2483 ,
549 2438 587 2476 &
608 2433 753 2475 habita
775 2433 928 2473 notitia
946 2444 1035 2473 tum
1056 2431 1296 2472 vacationis

349 2493 579 2542 Beneficii,
612 2506 699 2535 tum
720 2492 992 2550 negligentiae
1011 2487 1071 2532 sui
1091 2490 1297 2533 Procura-

346 2557 454 2598 toris
473 2557 523 2609 rin
542 2551 834 2610 praesentando
859 2553 970 2594 intra
993 2563 1156 2607 tempus
1172 2551 1298 2594 statu-

346 2628 435 2658 tum
454 2609 472 2662 ;'
493 2627 582 2656 tum
600 2614 727 2656 etiam
745 2642 758 2661 ‚
786 2613 904 2670 quod
924 2613 1076 2654 Rector
1094 2610 1296 2654 Beneficii

347 2675 640 2718 commodaret
658 2702 672 2723 ,
702 2677 742 2717 δι
764 2672 1012 2730 disponeret
1043 2672 1096 2713 ad
1114 2670 1173 2714 sui
1195 2672 1298 2715 libi-

349 2748 436 2778 tum
451 2738 503 2778 de
522 2734 825 2783 Candelabris,
842 2734 1004 2775 Statuis
1020 2760 1034 2781 ‚
1056 2736 1096 2776 δε
1117 2733 1210 2774 aliis
1230 2746 1297 2774 or-

348 2797 557 2839 namentis
589 2795 802 2850 argenteis
835 2809 911 2851 pro
929 2805 1080 2836 ornatu
1097 2793 1197 2835 dieti
1217 2795 1298 2835 Be-

353 2854 497 2898 neficii
525 2857 709 2912 propriis
732 2855 904 2896 Patroni
926 2852 1115 2909 expenfis
1142 2856 1300 2896 confla-

352 2917 438 2964 tis,
474 2916 603 2958 statim
636 2914 910 2971 praesentavit
927 2914 979 2956 ad
997 2913 1110 2955 idem
1133 2912 1297 2956 Benefi-

356 2976 469 3017 cium
489 2976 705 3018 Clericum
735 2977 825 3027 ejus
840 2972 1197 3031 consanguineum
1212 3003 1226 3022 ,
1258 2978 1299 3016 &

356 3035 514 3077 instetit
533 3050 674 3077 coram
693 3036 921 3077 Ordinatio
951 3049 1027 3091 pro
1044 3034 1166 3087 hujus
1185 3034 1300 3075 insti-

354 3095 521 3137 tutione
536 3111 547 3141 3
567 3108 613 3137 ac
633 3110 710 3150 pro
724 3096 1016 3138 declaratione
1031 3123 1046 3143 ,
1073 3094 1190 3151 quod
1205 3094 1301 3136 Sta-

356 3166 436 3196 tuae
451 3182 463 3202 ‚
482 3155 755 3198 Candelabra
773 3184 786 3204 ,
817 3159 857 3197 &
873 3156 953 3196 alia
969 3166 1217 3196 ornamenta
1235 3168 1301 3195 ar-

356 3227 511 3270 gentea
535 3215 587 3256 ab
620 3213 712 3270 ipso
728 3214 925 3257 confecta
942 3229 1018 3271 pro
1036 3211 1210 3257 servitio
1223 3217 1303 3256 Be-

357 3272 498 3315 neficii
517 3273 592 3315 fint
612 3275 665 3315 de
680 3275 819 3317 libero
839 3276 928 3329 ejus
945 3275 1162 3322 dominio;
1179 3278 1305 3330 Qae-

358 3335 463 3376 titur
480 3334 659 3389 proinde

424 3394 563 3435 Primo
593 3419 632 3429 --
662 3397 723 3435 An
742 3394 915 3447 scientia
937 3395 1163 3438 vacationis
1180 3399 1305 3436 Bene-

346 3452 438 3509 ficii
449 3453 584 3495 habita
595 3466 668 3508 per
691 3458 992 3496 Procuratorem
1005 3484 1017 3503 ,
1046 3456 1097 3499 (9³
1110 3456 1224 3507 hujus
1240 3469 1307 3497 ne·-

355 3513 551 3571 gligentia
566 3514 608 3556 in
633 3514 899 3569 praesentando
918 3514 1032 3558 intra
1049 3517 1301 3559 terminum..-

1358 753 1375 780 1

1366 3234 1389 3274 3

758 212 1250 286 Commentaria
1269 214 1352 280 ad
1369 212 1654 302 singulos
1672 215 1982 278 Canones

1410 326 1541 379 causet
1570 324 1862 367 devolutionem
1879 322 2064 377 Beneficii
2095 321 2137 362 in
2161 321 2358 376 praejudi-

1411 386 1527 426 cium:
1543 384 1716 427 Patroni
1751 385 1928 426 eamdem
1961 383 2214 425 vacationem
2244 381 2357 438 igno·

1413 446 1546 486 rantis
1561 474 1573 486 .

1470 504 1670 547 Secundo
1702 528 1745 540 --
1777 507 1840 547 An
1855 531 1868 552 ‚
1885 503 1934 546 &⁶
1949 504 2067 558 quale
2079 506 2148 556 jus
2162 510 2357 557 competat

1410 566 1584 608 Patr-'ono
1601 565 1725 618 super
1758 563 1914 606 Statuis
1944 591 1958 612 ,
1986 562 2243 606 candelabris
2259 591 2274 612 ‚
2303 560 2357 605 ά

1409 623 1501 666 aliis
1531 626 1771 666 ornamentis
1800 623 2001 681 argenteis
2040 623 2354 678 inservientibus

1405 697 1480 740 pro
1493 697 1638 726 ornatu
1652 684 1839 739 Beneficii
1851 713 1863 725 .

1460 745 1642 787 Primum
1659 746 1847 788 Dubium
1865 748 1951 788 Sac.
1965 750 2069 789 Rota
2081 744 2259 804 agnovit
2273 738 2355 786 esse

1411 802 1512 846 satis
1531 802 1850 849 controversum
1864 833 1878 854 ‚
1903 809 2042 849 &non
2063 802 2238 862 pacifice
2252 817 2352 860 pro-

1412 865 1595 912 cedere,
1621 878 1668 908 ut
1699 866 1871 908 testatur
1895 865 1938 907 in
1967 879 2049 908 una
2061 869 2251 920 Capuana
2270 864 2356 923 ‘Ju-

1411 924 1710 978 rispatronatus
1732 938 1798 967 10.
1813 925 1936 984 ‘'Junii
1966 938 2096 978 1709.
2121 930 2160 973 s.
2174 926 2253 967 Sed
2263 924 2353 966 inu·

1412 985 1544 1028 tiliter
1568 999 1698 1026 ceram
1723 989 1773 1027 R.
1788 989 1834 1026 P.
1852 988 1908 1027 D.
1925 986 2180 1028 Aldrovando
2193 1012 2208 1034 ,
2234 986 2296 1028 ibi
2311 1009 2356 1020 --
2399 1007 2407 1043 '.

1413 1050 1565 1088 Praeter
1581 1059 1702 1101 quam
1721 1045 1827 1101 quod
1839 1047 2021 1103 conclusio
2035 1073 2049 1095 ‚
2072 1042 2354 1102 quodfiientia

1413 1105 1694 1147 Procuratoris
1721 1105 1829 1164 poffi't
1850 1107 2112 1160 prejudicare
2138 1103 2358 1162 Principali

1414 1180 1488 1208 non
1506 1165 1558 1217 est
1571 1165 1724 1208 omnino*
1746 1164 1918 1222 pacifica
1948 1192 1986 1202 --
2018 1167 2139 1225 quod
2156 1163 2357 1210 irresolu-

1415 1238 1504 1268 tum
1523 1225 1698 1285 reliquit
1714 1255 1726 1267 .
1759 1227 1811 1267 Et
1829 1227 2003 1284 quidem
2017 1228 2188 1269 videtur
2207 1228 2358 1272 dicen-

1415 1287 1516 1329 dum
1533 1284 1748 1329 scientiam
1766 1288 2000 1331 vacationis
2017 1284 2216 1329 Beneficii
2233 1287 2358 1330 habi-

1416 1359 1501 1389 tam
1527 1361 1601 1403 per
1619 1349 1943 1390 Procuratorem
1972 1348 2235 1404 generaliter
2248 1360 2359 1391 cona

1415 1407 1599 1450 stitutum
1615 1407 1639 1450 a
1653 1409 1837 1451 Patrono
1855 1406 2018 1450 absenti
2034 1408 2087 1450 ad
2104 1405 2359 1464 praesentan-

1419 1468 1520 1509 dum
1551 1469 1594 1510 in
1627 1466 1721 1510 casu
1743 1470 1979 1511 vacationis
1998 1496 2012 1518 ‚
2035 1472 2075 1511 δε
2101 1467 2190 1526 ejus
2218 1467 2359 1528 negli—

1415 1528 1604 1584 gentiam
1620 1529 1664 1569 in
1679 1526 1972 1585 praesentando
1990 1542 2076 1572 non
2093 1526 2261 1571 causare
2281 1528 2359 1578 de-

1412 1588 1690 1631 volutionem
1720 1588 1923 1632 Beneficii
1971 1591 2013 1632 in
2043 1588 2361 1645 praejudicium-2

1415 1647 1540 1705 ipfius
1557 1647 1731 1691 Patroni
1747 1650 1937 1692 eamdem
1953 1651 2218 1693 vacationem
2234 1650 2360 1706 igno-

1416 1710 1548 1750 rantis
1565 1737 1578 1757 ‚
1606 1707 1678 1751 sed
1697 1709 1819 1761 hujus
1835 1710 2120 1766 ignorantiam
2150 1710 2360 1765 impedite

1417 1767 1574 1826 lapsum
1599 1771 1802 1818 termini,
1826 1771 1985 1812 adeout
2012 1769 2181 1812 rediens
2207 1771 2361 1813 Patro-

1416 1843 1494 1871 nus
1512 1829 1564 1871 ad
1596 1830 1739 1872 locum
1754 1829 1986 1878 Beneficii,
2016 1830 2162 1873 habita
2182 1830 2360 1875 notitia,

1414 1890 1532 1933 illius
1550 1891 1786 1933 vacationis
1800 1918 1814 1939 ‚
1829 1904 1878 1933 ac
1891 1890 2160 1949 negligentiae
2180 1887 2238 1931 sui
2253 1891 2360 1934 Pto-

1415 1952 1627 1993 curatoris
1641 1951 1784 1992 valide
1806 1952 1995 2007 potuerit
2008 1947 2257 2007 praesentare
2270 1977 2285 1999 ‚
2316 1953 2360 1995 δε

1417 2011 1508 2063 ejus
1526 2008 1794 2066 praesentatus
1812 2038 1826 2060 ,
1853 2023 1999 2053 amoto
2026 2011 2161 2053 libere
2185 2009 2359 2068 proviso

1414 2085 1490 2128 per
1510 2069 1778 2112 Ordinarium
1797 2099 1810 2118 ‚
1827 2072 1947 2113 venit
1966 2070 2242 2113 instituendus
2261 2087 2273 2118 ς
2294 2071 2362 2113 Si-

1414 2131 1590 2189 quidem
1606 2130 1651 2172 in
1666 2133 1756 2172 afim
1771 2129 1832 2172 sui
1851 2127 2045 2174 disceffus
2056 2159 2070 2180 ‚
2093 2128 2248 2173 summa
2261 2131 2362 2176 dili.

1416 2191 1563 2248 gentia
1579 2219 1593 2240 ‚
1606 2204 1653 2232 ac
1673 2188 1901 2246 sagacitate
1914 2218 1929 2240 ‚
1949 2203 2153 2248 quantum
2171 2189 2263 2234 fieri
2277 2205 2360 2248 po,-

1416 2252 1499 2293 tuit
1517 2279 1531 2299 ‚
1561 2251 1750 2307 providit
1778 2251 2047 2293 indemnitati
2076 2252 2239 2308 proprii
2253 2251 2359 2304 juris

1415 2312 1459 2353 in
1477 2308 1571 2353 casu
1594 2312 1827 2354 vacationis
1854 2310 2052 2354 Beneficii
2083 2325 2158 2368 per
2175 2312 2358 2367 deputa-

1417 2373 1579 2414 tionem
1598 2373 1889 2415 Procuratoris
1905 2373 1956 2414 ad
1975 2369 2298 2428 presentandum
2314 2373 2359 2416 in

1420 2445 1578 2490 genere
1612 2446 1882 2489 quamcumq3
1900 2430 2115 2488 personam
2142 2433 2358 2481 idoneam,

1422 2497 1464 2535 &
1479 2491 1686 2540 habsserm
1720 2492 1853 2534 Unde
1875 2492 1900 2534 fi
1919 2494 2173 2535 Procurator
2190 2505 2365 2549 pamma

1420 2554 1637 2595 curaverit
1665 2552 1824 2604 dejure
1852 2551 1911 2594 sui
1925 2554 2196 2608 Principalis,
2220 2554 2360 2611 negli-

1418 2614 1563 2672 gendo
1582 2610 1828 2669 praesentare
1842 2613 1885 2655 in
1902 2624 2095 2670 tempore
2113 2628 2124 2659 ς
2145 2612 2267 2663 hujus
2286 2627 2363 2655 ne-

1417 2674 1625 2730 gligentia
1656 2672 1918 2729 imputabilis
1950 2685 2036 2716 non
2067 2672 2124 2715 est
2138 2675 2327 2717 Patrono
2343 2700 2361 2722 s

1417 2749 1496 2776 nec
1513 2734 1610 2775 huic
1626 2733 1901 2789 praejudicare
1922 2733 2034 2776 valet
2051 2762 2066 2782 ‚
2089 2733 2220 2776 stante
2235 2747 2362 2791 regu-

1419 2795 1460 2837 la
1474 2795 1756 2836 communiter
1778 2806 1948 2849 recepta
1965 2822 1980 2843 ‚
2009 2794 2126 2850 quod
2145 2793 2268 2837 alteri
2284 2808 2360 2851 pet

1419 2855 1598 2897 alterum
1614 2853 1903 2913 praejudicium
1920 2851 2077 2896 causari
2098 2868 2182 2897 non
2197 2853 2330 2897 debet
2342 2881 2360 2904 ,

1419 2915 1472 2957 ad
1490 2914 1613 2957 Text.
1631 2915 1671 2956 in
1683 2925 1767 2966 cap.
1780 2920 1867 2956 Non
1895 2915 2009 2955 debet
2034 2915 2158 2956 alteri
2170 2915 2218 2956 de
2227 2915 2357 2972 regul.

1413 2977 1499 3028 jur.
1515 2974 1640 3018 Golin.
1655 2974 1704 3014 de
1718 2977 1930 3015 Procurat.
1953 2986 2046 3028 par.
2070 2988 2109 3017 2.
2126 2986 2208 3029 cap.
2226 2986 2265 3024 5.
2280 2989 2355 3016 nu-

1422 3050 1526 3078 mero
1543 3048 1558 3075 1
1570 3048 1589 3074 2
1601 3047 1640 3084 ς.
1654 3038 1809 3076 R.P.D.
1824 3035 1983 3086 Anfidd.
1997 3034 2110 3088 decis}
2127 3040 2199 3082 65.
2210 3047 2359 3086 num-4.

1422 3108 1517 3138 tom.
1527 3095 1655 3149 primo
1669 3123 1683 3144 ,
1698 3099 1790 3138 Rot.
1807 3094 1921 3148 decis.
1941 3107 2012 3147 42.
2027 3107 2132 3137 num.
2158 3109 2197 3147 5.
2204 3106 2300 3151 par.
2317 3107 2361 3148 3.

1421 3159 1583 3198 Recent.

1483 3216 1515 3256 E
1529 3213 1680 3258 contra
1699 3211 1954 3257 asserendum
1967 3215 2136 3259 videtur
2147 3213 2359 3258 scientiam

1425 3277 1662 3319 vacationis
1692 3273 1892 3317 Beneficii
1909 3292 1920 3320 3
1951 3279 1991 3318 &
2023 3276 2361 3334 negligentiam:

1424 3335 1718 3378 Procuratoris
1749 3335 1792 3376 in
1820 3332 2109 3390 praesentando
2139 3335 2250 3379 intra
2272 3348 2363 3378 tet·

1426 3397 1582 3437 minum
1598 3396 1698 3448 juris
1724 3395 1995 3452 praejudicare
2010 3398 2199 3439 Patrono
2216 3394 2364 3438 absen-

1432 3456 1465 3496 ti
1497 3483 1512 3504 ,
1543 3460 1582 3499 δι
1616 3452 1782 3498 causare
1821 3456 2145 3499 devolutionem
2181 3454 2367 3510 ejusdem
2432 3469 2470 3508 ἡ

1426 3515 1626 3559 Beneficii
1640 3516 1694 3560 ad
1708 3515 1992 3562 Ordinariunu
2006 3518 2218 3573 Qoniam
2234 3515 2365 3560 scien-

2302 3588 2363 3620 tia
