2476 3788
371 186 457 235 ‘20
725 165 1213 236 Comm'entaria
1235 172 1316 237 ad
1335 169 1617 258 fin'gulos
1635 176 1938 239 Canones

378 294 494 323 novo
529 278 721 334 apposita
753 291 873 323 extra
903 282 1032 323 limen
1063 281 1328 327 fundationis

376 338 579 381 Beneficii
598 351 650 380 ex
682 337 772 382 sola
788 342 1022 383 concordia
1037 370 1051 390 ,
1079 346 1119 385 &
1136 357 1329 387 conven-

378 400 497 440 tione
530 398 811 441 Patronorum
842 400 864 442 a
880 400 1047 442 S-Sede
1069 403 1239 446 minime
1258 418 1327 446 ro-

375 458 527 500 borata
546 485 559 504 ‚
590 458 786 516 adeoque
803 457 1034 516 Episcopus
1055 473 1139 503 non
1155 474 1325 505 tenetur

374 516 491 559 illam
513 515 792 560 observarein
813 515 893 561 suis
910 519 1216 563 collationibus
1231 522 1322 573 jure

374 577 591 619 devoluto
608 605 621 625 ,
638 574 709 619 sed
728 578 870 622 valide
887 580 1029 634 potuit
1048 580 1241 625 conferre
1257 582 1324 624 di-

374 638 482 678 stum
510 636 765 679 Beneficium
792 638 1046 695 Presbytero
1078 638 1210 683 solnm
1227 655 1322 696 pra-

375 697 480 738 Ctice
497 710 548 738 ex
565 697 750 753 quodam
770 695 841 738 usu
856 726 868 746 ,
896 703 937 742 ὃς
953 712 1037 741 non
1056 700 1249 744 theorice
1267 715 1320 745 ex

376 767 493 797 certa
525 753 701 798 scientia
722 756 885 798 Muficae
914 759 957 800 in
979 771 1103 802 cantu
1119 761 1316 808 erudit03

374 814 532 857 etiamfi
547 829 822 859 concurreret
838 814 1106 862 observantia
1120 849 1134 869 ³
1153 825 1194 865 ὃς
1217 834 1320 865 con-

372 872 551 917 suetudo
571 877 813 918 centenaria
829 877 871 920 in
886 880 1143 922 contrarium
1163 896 1174 927 3
1193 881 1317 924 nimi-

370 935 460 977 rum
477 934 631 976 etiamst
649 936 789 991 plures
821 934 986 980 fuissent
1007 940 1142 984 libere
1163 940 1318 998 provifi

370 994 424 1035 ab
439 995 664 1038 Ordinatio
681 995 771 1046 jure
789 997 996 1041 devoluto
1013 1027 1026 1047 ‚
1056 1001 1130 1058 qui
1150 1000 1319 1044 habuis-

370 1051 460 1096 sent
490 1054 712 1111 perfectam
743 1054 956 1099 scientiam
983 1059 1161 1108 Muficae,
1177 1060 1319 1116 hujus-

371 1114 490 1155 modi
520 1127 698 1171 namque
729 1114 994 1161 observantia
1012 1147 1025 1167 ‚
1040 1120 1185 1163 'adhuc
1202 1135 1317 1165 nom

368 1185 599 1216 mereretur
628 1176 815 1224 attendi,
842 1177 914 1220 nifi
942 1180 1192 1234 probaretur
1220 1196 1316 1225 cum

373 1231 457 1275 suis
475 1233 681 1290 requifitis
700 1265 712 1284 ‚
732 1240 773 1278 &
797 1238 1114 1281 circumstantiis
1130 1270 1144 1290 ,
1162 1242 1317 1285 videli-

373 1301 469 1339 cet,
502 1295 619 1351 quod
641 1295 795 1352 aliquis
812 1311 895 1339 non
923 1299 1080 1341 habens
1097 1298 1314 1344 scientiam

368 1352 531 1396 Muficae
547 1355 685 1396 libere
702 1356 893 1411 provisus
920 1359 972 1400 de
989 1359 1203 1404 Beneficio
1221 1361 1315 1405 fue-

365 1413 421 1455 rit
438 1413 614 1465 rejectus
629 1443 642 1462 ‚
660 1419 699 1457 δε
718 1417 933 1468 rejectioni
948 1421 1313 1477 acquievit2etiam

366 1487 461 1514 cum
487 1471 659 1516 scientia
676 1476 886 1518 Ordinarii
900 1507 913 1526 ,
929 1480 1031 1522 alias
1048 1482 1312 1537 provifiones

363 1532 500 1576 libere
518 1532 630 1576 fastae
648 1535 699 1576 ab
715 1536 948 1579 Ordinariis
966 1554 1042 1595 pro
1061 1553 1252 1599 tempore
1267 1544 1312 1587 in

360 1590 550 1649 personis
572 1594 826 1638 habentibus
846 1597 1073 1653 perfectam
1093 1600 1310 1647 scientiam

365 1652 530 1694 Muficae
547 1653 788 1698 dicerentur
813 1659 950 1714 potius
968 1665 1080 1703 ac'tus
1094 1660 1311 1706 facultati-

362 1714 431 1760 νῑ,
449 1713 576 1770 quam
596 1718 775 1759 coaftivi
793 1745 804 1756 .
821 1721 913 1759 Rot.
931 1721 1149 1775 decisl63o.
1166 1737 1309 1777 nu.14.

362 1771 656 1828 &ftq-par.4.
672 1789 810 1829 tom.3.
828 1783 920 1821 Rec.
935 1779 984 1822 &¹
1003 1781 1044 1822 in
1059 1784 1306 1826 cavallicen.

354 1832 463 1885 J'uris
478 1834 723 1893 intereff’ndi
741 1839 907 1892 2.Maji
929 1853 1054 1891 1701.
1074 1846 1309 1890 §.Caeterum

360 1906 489 1934 coram
500 1895 559 1936 bo:
574 1910 645 1939 me:
658 1898 830 1940 Molines
847 1928 861 1947 2
880 1899 929 1944 ἐν
940 1901 982 1942 in
997 1901 1106 1944 dina
1123 1905 1305 1947 Leodien.

349 1953 422 2004 seu
437 1954 721 2010 Aquisgranen.
738 1959 1001 2002 Canonicatus
1019 1975 1040 2002 2
1051 1976 1090 2004 2.
1103 1964 1304 2023 ‘Januarii

365 2025 381 2052 1
394 2025 494 2065 703.
511 2017 797 2074 §.Proindeque
811 2034 941 2061 coram
956 2023 1038 2063 eod.

300 2092 317 2120 1
331 2092 347 2120 1
412 2073 546 2116 Immo
562 2077 688 2118 etiam
702 2077 729 2118 fi
760 2080 1008 2123 admittatur
1027 2110 1042 2131 ‚
1062 2085 1181 2142 quod
1198 2100 1303 2128 con·-

354 2132 464 2174 ditio
480 2136 639 2188 peritiae
655 2148 803 2180 cantus
827 2137 873 2180 fit
894 2139 1242 2194 fundamentalis,
1260 2150 1302 2190 δι

353 2193 540 2248 appofita
556 2196 598 2235 in
613 2197 755 2239 limine
773 2197 1036 2244 fundationis
1056 2204 1155 2245 dicti
1168 2207 1303 2249 Bene-

351 2250 438 2294 ficii
455 2270 468 2298 ς
496 2254 631 2296 adhuc
664 2257 789 2311 hujus
819 2261 999 2303 collatio
1016 2263 1151 2306 libere
1169 2264 1300 2309 faeta„

353 2313 409 2354 ab
457 2314 683 2359 Ordinatio
728 2318 781 2360 ob
830 2320 1013 2362 omissam
1047 2324 1071 2366 a
1103 2324 1298 2369 Patronis

349 2371 716 2428 praesentationem
745 2379 789 2421 in
823 2391 1019 2436 tempore
1034 2382 1183 2428 favore
1198 2387 1299 2430 Pre-

350 2432 517 2489 sbyteri
536 2463 550 2483 ,
567 2437 640 2492 qui
657 2434 733 2479 scit
750 2441 909 2483 tanturn
930 2455 1082 2486 canere
1094 2446 1290 2500 practice.

350 2496 391 2534 &
423 2507 510 2537 non
539 2495 733 2540 theorice
747 2527 763 2546 ,
793 2499 975 2544 dicenda
1005 2501 1103 2546 esset
1135 2506 1294 2554 valida;

348 2554 463 2608 Qia
478 2554 571 2598 cum
604 2569 689 2599 non
716 2557 762 2600 fit
777 2558 1010 2604 distinctum
1029 2591 1042 2612 2
1061 2577 1136 2606 nec
1153 2565 1296 2610 deter-

345 2615 544 2656 minatum
562 2644 577 2664 ,
610 2629 797 2675 quaenam
828 2633 976 2663 cantus
1007 2625 1158 2679 peritia
1189 2641 1291 2670 con-

344 2686 511 2715 currere
530 2676 684 2718 debeat
701 2679 743 2721 in
759 2680 1086 2737 Presbyter02an
1101 2686 1177 2728 illa
1197 2701 1289 2744 quae

342 2735 541 2788 provenit
553 2750 603 2777 ex
618 2740 804 2792 practico
822 2739 892 2782 usu
907 2769 920 2790 a
937 2746 978 2786 δε
991 2758 1085 2801 quae
1101 2759 1153 2788 ex
1167 2748 1289 2788 audi-

342 2803 388 2833 tu
420 2793 758 2849 deprehenditur
775 2828 788 2848 ‚
822 2801 892 2843 vel
907 2804 1048 2857 potius
1063 2805 1163 2854 illa,
1195 2821 1289 2866 quae

342 2853 570 2906 poffidetur
585 2870 635 2898 ex
652 2855 823 2902 scientia
838 2861 1000 2904 Muficae
1014 2891 1027 2912 2
1052 2865 1160 2907 dicta
1176 2869 1286 2923 peri·-

341 2912 400 2953 tia
427 2926 573 2956 cantus
605 2919 840 2962 indistincte
868 2921 998 2964 debet
1027 2924 1213 2982 intelligi
1230 2929 1285 2970 de

339 2982 519 3029 utraque
538 3003 551 3022 ‚
563 2977 720 3020 adeout
735 2980 787 3020 ad
803 2980 1066 3025 validitatem
1084 2985 1296 3037 collatio-v

340 3031 404 3072 nis
422 3029 609 3084 sufficiat,
633 3039 750 3094 quod
769 3041 997 3097 Presbyter
1013 3041 1114 3086 sciat
1129 3059 1281 3090 canere

340 3103 390 3131 ex
403 3095 584 3145 prastico
601 3096 669 3138 usu
687 3100 811 3141 :utin
825 3102 889 3142 his
906 3105 1095 3145 terminis
1113 3106 1281 3162 expres-

339 3150 386 3191 se
411 3162 554 3195 tuetur
572 3160 675 3197 Rota
703 3158 746 3198 in
761 3161 997 3211 Majoricen.
1013 3165 1280 3221 Collegiaturae

341 3221 358 3248 1
370 3222 408 3259 3.
422 3214 573 3254 Martii
593 3218 720 3266 1708.
736 3224 774 3265 §.
795 3225 878 3264 Nec
893 3222 1033 3278 ress'stit
1049 3238 1178 3267 coram
1192 3227 1278 3270 bon:

337 3283 409 3310 me:
427 3273 602 3314 Omanna
617 3303 627 3314 .

281 3339 298 3367 1
311 3340 330 3366 2
396 3331 550 3382 Qaero
567 3335 633 3375 hic
654 3350 704 3378 an
719 3351 770 3379 ex
787 3353 855 3388 eo,
873 3342 990 3397 quod
1006 3344 1220 3388 Fundator
1233 3347 1277 3391 in

337 3387 480 3431 limine
499 3391 762 3449 fundationis
778 3400 975 3443 Beneficii
997 3406 1188 3460 exegerit
1203 3406 1276 3447 in.»

334 3447 590 3507 Presbytero
606 3454 897 3511 praesentando
912 3464 1108 3518 peritiam
1125 3477 1277 3510 cantus

1438 282 1512 325 iste
1545 296 1743 329 teneatur
1772 299 1924 330 canere
1953 298 2080 333 cantu
2103 289 2288 348 figurato
2303 320 2318 342 ‚
2348 296 2392 336 δε

1438 343 1580 385 modis
1594 345 1758 388 muficis
1773 373 1787 385 .
2042 403 2045 406 Δ

1497 401 1752 460 Respondeo
1770 409 1968 464 negative
1985 437 1999 458 ,
2015 412 2118 469 quia
2130 425 2182 454 ex
2211 410 2299 455 sola
2311 427 2388 470 pe·
2445 424 2448 426 ’

1440 462 1538 505 titia
1555 478 1703 507 cantus
1719 493 1732 514 ‚
1757 479 1882 524 quam
1900 469 2114 513 Fundator
2131 471 2386 518 defideravit

1441 523 1485 564 in
1501 523 1614 566 dieto
1633 526 1891 582 Presbytero
1907 556 1921 576 ,
1941 529 2015 572 iste
2029 534 2194 587 gravati
2207 547 2292 576 non
2309 549 2386 590 po-

1445 582 1522 624 test
1537 584 1684 637 majori
1703 599 1834 629 onere
1850 615 1864 636 ‚
1879 586 2038 632 scilicet
2062 594 2242 636 canendi
2257 605 2384 637 cantu

1439 640 1624 697 figurato
1641 672 1655 693 ‚
1679 645 1805 703 ‘quod
1822 661 1897 702 per
1922 647 2053 705 ipsum
2070 652 2384 697 Fundatorem.»

1439 713 1525 745 non
1544 702 1624 746 fuit
1641 706 1680 746 ei
1700 707 1743 747 in
1769 705 2022 752 fundatione
2042 711 2305 769 impositum,
2337 724 2385 757 ut

1437 761 1480 802 in
1494 762 1559 804 his
1570 766 1759 808 terminis
1771 764 2000 813 resolutum
2012 770 2092 813 fuit
2119 772 2142 815 a
2155 773 2246 816 Sac.
2261 777 2384 818 Con-

1439 824 1691 878 gregatione
1723 827 1915 870 Concilii
1946 829 1987 872 in
2014 832 2213 875 Veliterno
2232 839 2384 877 Cantus

1442 895 1462 921 2
1472 894 1511 933 3.
1526 883 1731 925 Februarii
1748 900 1765 927 1
1775 899 1798 938 7
1809 887 1930 936 15.&
1951 903 1970 929 2
1982 891 2222 948 5.7anuarii
2236 907 2252 934 1
2263 907 2286 945 7
2298 907 2313 934 1
2324 899 2382 945 6.,

1439 942 1511 984 ubi
1528 956 1621 985 cum
1639 958 1691 986 ex
1706 946 1978 1004 dispofitione
2001 950 2211 1004 cujusdam
2225 954 2381 997 Fulvia

1440 1002 1662 1047 Caldenfis
1678 1003 1852 1051 fundata
1864 1006 2024 1053 fuerint
2042 1025 2228 1069 quatuor
2244 1015 2382 1060 Bene..
2403 1014 2405 1016 ’

1437 1059 1533 1104 ficia
1545 1065 1588 1106 in
1604 1064 2023 1120 EcclefiaVeliterna,
2039 1075 2079 1114 δε
2092 1072 2222 1129 fuerit
2238 1077 2379 1132 impo-

1436 1120 1557 1167 fitum
1573 1136 1758 1183 quatuor
1776 1127 2041 1173 Beneficiatis
2057 1161 2070 1181 ‚
2099 1135 2174 1190 qui
2190 1135 2381 1178 Calden-

1435 1178 1499 1225 ses
1534 1197 1826 1242 nuncupantur
1842 1216 1855 1236 ,
1889 1203 1996 1234 onus
2025 1189 2206 1236 scientiae
2227 1207 2379 1239 cantus

1434 1241 1501 1286 his
1522 1244 1663 1288 verbis
1694 1272 1736 1281 ι-
1766 1248 1932 1290 Ρνιιθω
1944 1255 2134 1294 Bonorum
2163 1255 2376 1311 heredita-

1433 1303 1585 1345 riorum
1601 1307 1807 1361 aqualiter
1825 1310 2066 1353 dividantur
2079 1313 2186 1355 inter
2201 1312 2378 1370 quatuo)-

1425 1365 1614 1417 personas
1644 1367 1867 1411 Veliternus
1897 1370 2056 1413 idoneas
2070 1402 2083 1422 ‚
2114 1373 2164 1417 lo
2195 1386 2376 1422 caneo-25

1421 1422 1594 1476 scientes
1608 1437 1728 1469 cantu
1728 1429 1912 1485 figurato
1924 1459 1938 1479 ‚
1968 1432 2230 1484 inservientes
2248 1436 2375 1478 conti-

1431 1484 1506 1527 nuo
1537 1485 1579 1525 in
1593 1488 1746 1538 Charo,
1766 1500 1889 1542 prout
1918 1494 2108 1535 canonici
2119 1495 2375 1539 cathedralis

1429 1542 1628 1598 inservire
1641 1559 1826 1591 tenentur
1835 1578 1850 1600 ,
1865 1565 2009 1595 necnon
2021 1563 2234 1596 teneantur
2249 1556 2376 1598 Anni-

1429 1604 1621 1658 verfiria
1649 1609 1820 1665 quinque
1834 1613 2030 1655 celebrare
2045 1643 2059 1663 ,
2076 1629 2158 1672 quae
2178 1617 2376 1672 Beneficia

1427 1665 1560 1709 voluit
1590 1669 1660 1726 ff
1687 1671 1733 1710 de
1742 1672 2073 1726 jurepatronatus
2084 1676 2155 1728 sui
2168 1676 2254 1718 Viri
2266 1701 2306 1712 ·-
2320 1679 2377 1721 Et

1429 1723 1525 1767 cum
1542 1727 1623 1770 alia
1635 1729 1722 1772 duo
1736 1730 1948 1775 Beneficia
1973 1733 2131 1778 fuerint
2146 1739 2282 1780 eresta
2299 1739 2374 1781 in.-

1428 1786 1577 1829 eadem
1595 1789 1848 1833 Cathedrali
1878 1791 2240 1840 subinvocatione
2251 1797 2376 1855 &jot

1426 1845 1702 1904 Euangelistae
1716 1878 1729 1899 ,
1756 1865 1804 1894 ac
1819 1852 1860 1893 S.
1875 1853 2117 1899 Catharinae‘
2129 1871 2181 1900 ex
2195 1855 2373 1914 dispofi:

1427 1907 1550 1950 tione
1580 1909 2023 1966 CardinalisJesualdi
2053 1942 2096 1952 -·-
2126 1922 2205 1960 Pro
2219 1919 2370 1969 duabu·

1424 1967 1670 2025 Presbyteris
1683 1969 1725 2012 in
1755 1981 1875 2012 cantu
1893 1975 2014 2017 etiam
2015 1977 2371 2034 figuranpvn’et'vq
2391 2001 2400 2010 ’

1425 2041 1590 2085 quorum
1605 2031 1843 2086 praeeipuum
1868 2047 2008 2078 munus
2032 2038 2095 2091 stt
2110 2065 2126 2087 ,
2157 2038 2250 2079 eom
2273 2050 2370 2095 opat

1428 2086 1508 2129 erit
1523 2116 1537 2137 ,
1567 2104 1707 2131 canere
1721 2119 1735 2140 2
1750 2091 1896 2148 quique
1910 2122 1925 2143 ,
1940 2096 2054 2139 dian
2064 2098 2372 2154 Ecclest‘aes'rffera'·

1421 2146 1565 2208 vienqlo
1573 2150 1836 2204 personaliter
1866 2157 1974 2208 apud
1985 2171 2072 2199 earn
2093 2159 2290 2213 residere,
2312 2158 2368 2204 ¹abe

1422 2208 1595 2250 omnibus
1608 2211 1715 2251 horis
1728 2240 1742 2261 ,
1757 2212 1808 2255 ὠ·
1823 2213 1969 2268 Officiis
1983 2217 2152 2259 Divinis
2165 2218 2364 2279 ineu-effi,

1419 2281 1543 2324 eaque
1553 2269 1595 2310 in
1609 2271 1727 2312 choro
1743 2273 1866 2326 stmul
1889 2288 1973 2317 cum
1988 2278 2196 2321 canonicis
2209 2279 2366 2335 ininfir-

1420 2328 1524 2369 riori
1536 2329 1614 2370 loco
1628 2334 1862 2388 considentes
1875 2336 2063 2386 recitare,
2079 2337 2130 2381 ό·
2143 2339 2361 2383 decaniam

1416 2398 1630 2431 teneantur
1642 2415 1684 2424 -
1700 2393 2015 2447 praetenfionem
2035 2400 2246 2442 excitavit
2261 2401 2364 2444 Pro-

1416 2460 1562 2491 motor
1590 2448 1759 2494 Fiscalis
1779 2464 1800 2501 ¹,
1833 2455 1952 2511 quod
1998 2467 2085 2499 tum
2115 2458 2364 2504 Beneficia&

1419 2507 1656 2552 Caldenses
1672 2540 1684 2560 ‚
1713 2523 1799 2554 tum
1826 2515 1951 2557 etiam
1967 2516 2360 2577 Beneficiatisdot

1414 2569 1689 2627 Euangelistae
1704 2599 1718 2620 ,
1735 2585 1782 2615 ac
1798 2572 1839 2614 S.
1853 2574 2095 2619 Catharinae
2108 2576 2360 2638 respefitive,

1416 2642 1469 2672 ex
1490 2643 1620 2672 onere
1634 2631 1677 2673 in
1693 2646 1840 2675 eorum
1852 2637 2062 2680 erectione
2079 2638 2266 2683 iniuncto
2277 2642 2360 2684 ad-

1413 2689 1537 2732 stricti
1565 2688 1708 2733 forent
1732 2691 1968 2751 quibusque
1997 2698 2094 2739 anni
2113 2696 2356 2743 festivitati-

1413 2749 1492 2791 bus
1510 2777 1523 2798 ,
1553 2751 1607 2791 ad
1633 2753 1845 2806 Organum
1873 2754 2035 2798 muricis
2058 2758 2199 2800 modis
2222 2773 2356 2804 cane-

1411 2822 1485 2855 1·e;
1511 2810 1620 2853 Hinc
1642 2809 1850 2867 disputata
1875 2812 2045 2859 fuerunt
2067 2815 2358 2879 infrascripta,

1409 2869 1556 2918 Dubia
2209 2902 2211 2906 ·
2241 2897 2245 2899 ·

1469 2930 1610 2974 PrImo
1639 2954 1678 2965 --
1708 2936 1770 2973 An
1799 2935 2033 2990 Beneficiati
2056 2939 2263 2993 Caldenles
2290 2952 2352 2983 te·-

1405 3001 1577 3032 neantur
1604 3005 1744 3032 canere
1766 3005 1886 3036 cantu
1902 2997 2087 3053 figurato
2101 2999 2144 3039 in
2156 3003 2246 3054 casu
2261 2999 2349 3044 &c-

1409 3047 1460 3091 (θ’
1474 3051 1674 3104 quatenns
1689 3052 1936 3106 qffi'rmative³
1953 3086 1964 3096 .
2390 3111 2393 3115 .

1464 3110 1661 3154 Secundo
1693 3134 1730 3147 -ω
1758 3115 1805 3154 In
1821 3116 1960 3170 quibus
1972 3118 2282 3170 Festivitatibuss
2295 3120 2349 3165 &-

1404 3181 1479 3223 quo
1491 3169 1569 3210 loco
1582 3199 1596 3219 ‚
1612 3171 1662 3215 ὼ
1675 3175 1873 3228 quatenns
1887 3176 2136 3230 affirmative
2149 3209 2161 3218 .

1465 3231 1613 3282 Tertio
1644 3255 1685 3268 -—
1713 3239 1800 3283 An,
1829 3235 2223 3292 &quapunbi'atura
2237 3268 2252 3288 ‚
2269 3241 2346 3293 stu

1399 3289 1523 3345 poenis
1539 3291 1962 3349 BeneficiatipraediHi
1973 3302 2058 3354 sint
2072 3300 2290 3342 mulaandi
2300 3300 2345 3343 in

1401 3349 1736 3407 casicdfficientiae
1753 3383 1766 3402 ,
1784 3355 1825 3395 in
1839 3358 1927 3409 casu
1943 3357 2025 3400 &c-

1459 3412 1627 3465 Qarto
1657 3438 1695 3446 --
1713 3419 1774 3455 An
1790 3418 2021 3472 Beneficiati
2031 3420 2180 3461 SanHae
2194 3420 2344 3463 Catha-
2394 3477 2398 3482 ἢ

1395 3467 1489 3512 rinae
1513 3498 1527 3520 ,
1558 3470 1609 3515 ό·
1642 3474 1781 3517 Sanni
1795 3477 1971 3535 Joanm's
1993 3481 2184 3538 Euangeli
2218 3493 2245 3519 ι
2279 3491 2344 3526 te÷

2171 3550 2342 3582 neantur
