2392 3730
521 116 723 182 Index
771 110 1049 190 Rerum,
1096 112 1161 183 δέ
1209 107 1608 185 Verborum.

152 208 372 254 re'patromtus
385 216 440 249 ‚ac
450 204 722 248 reserationum,
746 218 791 242 ex
814 207 931 253 quibus
950 205 1080 242 resultet
1091 230 1102 241 .

105 254 561 348 V137gl>3seor2¹3aiiiiitr1eeiqp⁶efiu
573 302 668 337 unius
680 285 834 338 Beneficii
844 324 857 343 ,
884 300 1015 350 quando
1035 300 1102 336 suf-

156 349 270 397 fragari
279 348 373 396 poffit
382 361 444 395 pro
454 350 576 385 altero.
599 361 680 396 379.
693 361 710 395 3
716 361 748 395 3.

105 394 167 438 VI.
191 397 400 444 Observantia
423 398 582 433 contraria
601 398 799 437 annullatur,
819 397 856 432 ὅτ
880 396 1019 432 inficitur
1042 406 1100 441 per

154 443 325 479 clausulam
338 443 460 480 sufflata
474 469 485 486 ,
495 446 531 481 ὅτ
543 442 706 479 decretum
731 445 856 480 irritans
872 467 882 478 .
901 456 980 491 342.
997 454 1029 489 5.

108 487 168 525 VI.
191 490 402 527 observantia
414 491 610 528 centenaria
619 491 715 526 efficit
726 500 779 532 ,ut
793 492 920 537 allegari
931 491 1024 537 possit
1035 489 1100 526 Be-

153 538 259 573 neficii
273 537 370 575 ssatus
383 540 562 575 immutatio
574 537 665 580 ,five
680 550 738 584 per
749 539 844 580 hujus
870 537 1070 575 erectionem
1086 562 1100 580 ,

153 585 221 620 five
232 597 290 631 per
302 585 429 631 pactum
440 611 452 627 ,
465 586 531 622 five
544 598 602 633 per
615 585 827 632 Privilegium
838 610 850 627 ,
869 593 924 621 aut
935 586 1030 623 alium
1053 586 1099 620 ti-
1124 605 1130 609 α

152 633 255 667 tulum
267 632 435 668 meliorem
445 631 487 668 de
500 634 619 669 mundo
628 657 638 668 .
689 645 744 678 25.
759 635 793 668 8.

106 675 169 714 lv,
194 679 405 726 observantia
415 681 561 716 derivans
574 693 617 716 ex
627 645 714 716 fado
726 680 901 716 Testatoris
909 703 921 721 ‚
935 681 970 716 δι
985 680 1097 726 proxi-

154 739 205 762 ma
218 726 392 763 fundationi
405 727 451 762 est
464 728 652 764 attendenda
663 752 674 762 .
696 740 755 774 40.
771 739 802 773 5.

107 774 151 809 V.
175 774 386 810 observantia
397 775 589 811 centenaria
601 799 613 815 ,
635 777 670 811 &
682 776 747 810 iere
762 776 1026 813 Immemorabilis
1037 774 1097 810 du·-

155 822 279 867 pliciter
290 822 366 858 sumi
377 822 481 869 potest
496 847 507 863 ,
522 824 556 859 δι
566 823 734 869 quomodo
748 846 759 857 .
781 835 857 869 ¹79·
876 833 889 856 1
899 835 930 858 2.

105 867 152 903 11.
174 868 384 904 observantia
395 871 551 915 rumpitur
562 893 574 910 ‚
587 870 623 905 &
640 869 792 916 frangitur
807 881 864 916 per
889 869 1094 918 simplicem-2

155 927 319 953 rumorem
344 918 374 951 in
389 919 581 953 contrarium
593 940 602 951 .
624 929 641 963 3
649 928 664 962 5
673 930 702 953 2.
716 929 770 962 27.

106 962 134 998 1.
159 963 370 999 observantia
387 965 555 1009 plurimum
566 966 694 1000 roboris
706 966 736 999 in
744 965 821 1006 Jure
842 966 966 1001 obtinet
982 965 1021 1001 ad
1045 965 1097 1000 ef-

154 1009 275 1046 fectum
288 1012 515 1055 interpretandi
531 1012 638 1058 legem
648 1012 842 1047 fundationis
858 1036 868 1047 .
881 1024 920 1058 23
926 1013 957 1047 8.
971 1024 985 1047 1
994 1024 1025 1048 2.

105 1055 135 1092 Ι.
158 1057 380 1093 Observantiae
393 1060 526 1095 multum
548 1059 594 1092 est
609 1058 815 1094 deferendum
829 1059 870 1094 ad
893 1059 1095 1105 cognoscen-

153 1105 230 1153 dum
262 1105 339 1152 quid
374 1105 469 1141 fuerit
489 1108 520 1142 in
541 1106 739 1142 conceffione
769 1105 1064 1153 comprehensum..
1083 1130 1094 1140 .

104 1164 398 1241 in.2'?ozss¹5e;vantia
409 1202 527 1237 attendi
540 1203 637 1238 debet
659 1202 698 1237 ad
711 1200 861 1237 effefium
884 1200 1095 1254 discernendi,

57 1254 59 1256 '
153 1259 191 1329 {n
204 1247 442 1293 Juspatronatus
457 1249 495 1285 sit
512 1249 746 1286 haereditarium
760 1272 772 1289 ,
799 1249 852 1285 vel
867 1247 1070 1283 Gentilitium
1084 1270 1094 1281 .

106 1339 152 1376 11.
175 1342 388 1379 observantia
403 1343 512 1383 sufficit
524 1355 584 1390 pro
595 1343 798 1379 concludenti
810 1342 1000 1389 probatione
1014 1354 1095 1389 qua-

151 1390 249 1425 litatis
260 1390 450 1425 Patronatus
462 1391 620 1425 Gentilitii
635 1414 645 1424 .
662 1403 716 1438 27.
727 1404 762 1434 9.

103 1435 148 1471 11.
172 1437 383 1472 Observantia
394 1437 525 1472 resultat
532 1439 628 1473 etiam
639 1436 682 1472 ex
692 1437 983 1484 praesentationibus
995 1437 1088 1472 nullis

119 1515 123 1517 ,
150 1482 430 1520 senineffefiuatis
444 1508 455 1518 .
475 1497 530 1531 39.
543 1488 599 1520 61.
975 1512 977 1515 .

104 1531 152 1566 11.
176 1530 389 1566 observantia
402 1543 534 1567 erronea
549 1554 561 1572 ‚
573 1540 628 1567 aut
641 1533 806 1578 aequivoca
817 1531 895 1568 nihil
919 1539 1070 1578 operatur
1080 1555 1090 1566 .

101 1624 383 1662 IL¹Observantia
405 1626 566 1668 declarat,
587 1628 696 1672 quales
716 1626 863 1662 Personae
881 1628 911 1661 in
932 1626 1091 1662 Reserva-

106 1701 110 1705 .
152 1674 238 1707 tione
249 1672 515 1717 Jurispatronatus
525 1675 836 1718 comprehendantur
849 1698 859 1709 .
887 1676 946 1709 86.
963 1687 993 1709 2.
1047 1707 1049 1711 .

102 1717 146 1754 11.
152 1719 382 1800 8observantia
415 1721 554 1756 declarat
577 1723 763 1767 qualitatem
798 1721 1066 1768 Jurispatronatus
1078 1744 1089 1756 .

176 1770 208 1802 6.
219 1778 251 1802 2.
478 1778 480 1781 ·

108 1813 160 1848 11.
185 1813 235 1848 Ex
244 1815 340 1848 unico
352 1815 427 1850 actu
441 1828 478 1851 an
493 1839 503 1856 ,
515 1818 549 1852 &
560 1817 688 1863 quando
698 1817 802 1852 induci
813 1817 908 1864 poffit
920 1815 1091 1852 observan-

152 1863 195 1895 tia
210 1863 449 1906 interpretativa
464 1888 474 1898 .
500 1864 556 1907 89.
570 1867 624 1898 16.

197 1908 280 1943 Vide
294 1909 326 1942 in
349 1911 438 1946 verb.
451 1912 610 1946 Donatio.

407 2007 797 2045 OCCUPATIO.

103 2088 144 2134 V.
170 2099 221 2133 Ad
233 2098 296 2135 hoc
323 2109 358 2135 ut
381 2102 553 2148 occupatio
575 2101 742 2136 Bonorum
765 2101 869 2136 causet
890 2101 927 2140 in,
946 2099 1088 2135 Patrono

150 2158 276 2191 poenam
289 2147 642 2189 Excommunicationis,
654 2150 687 2184 &
700 2149 888 2195 privationis
901 2148 1091 2195 jurispatro-

151 2201 258 2235 natus,
271 2197 440 2242 requiritur
448 2219 460 2237 ,
472 2195 560 2242 quod
573 2197 744 2241 proveniat
754 2207 796 2232 ex
809 2197 902 2238 dolo,
913 2198 947 2233 &
957 2198 1089 2233 malitia.

122 2256 124 2258 ’
155 2250 231 2276 ῘΟῙ·
244 2253 274 2277 2·

422 2340 790 2378 OFFICIALlS.

199 2431 280 2467 Vide
292 2433 324 2467 in
343 2433 432 2468 verb.
443 2434 637 2470 Procurator
657 2458 668 2469 .

430 2530 747 2567 OFFICIUM.

104 2623 133 2657 1.
157 2621 273 2658 Officia
283 2623 434 2659 saecularis
445 2648 456 2664 ‚
469 2625 504 2660 &
516 2623 684 2671 Regularis
697 2637 759 2660 non
772 2626 894 2671 potsunt
906 2625 937 2659 in
950 2635 1023 2666 una,
1036 2635 1089 2659 ea-

153 2669 288 2716 demque
299 2669 436 2707 Persona
447 2672 619 2707 collocari.
639 2684 715 2717 215.
731 2683 761 2714 5.

106 2722 152 2756 11.
178 2717 214 2751 ln
225 2717 337 2753 officiis
347 2718 508 2754 charitatis
519 2723 623 2763 primo
648 2720 723 2755 loco
748 2721 809 2755 illis
833 2728 977 2755 tenemur
990 2743 1001 2760 ,
1025 2720 1088 2755 ob-

151 2765 241 2845 ntgxii
252 2788 263 2805 ,
275 2764 293 2798 ὰ
304 2765 415 2811 quibus
427 2765 618 2803 Beneficium
630 2778 687 2802 nos
698 2767 915 2813 cognoscimus
928 2768 1085 2813 recepisse.

157 2821 170 2844 1
202 2823 232 2846 2.
244 2825 278 2859 7,

105 2859 153 2895 11.
178 2858 242 2893 Sub
252 2861 378 2895 n'omine
393 2861 487 2896 officii
497 2873 562 2897 non
576 2861 677 2898 solum
689 2864 819 2898 veniunt
831 2863 921 2898 horae
945 2862 1088 2898 Canoni-

153 2916 198 2940 cae
212 2929 223 2946 ‚
237 2906 289 2942 sed
299 2909 385 2942 venit
399 2908 625 2955 quodcumque
646 2910 806 2956 spirituale
829 2921 940 2946 munus
963 2911 1086 2947 circu

153 2952 317 2990 servitium
330 2955 473 2990 Ecclefiae
486 2979 498 2996 ,
508 2958 543 2992 &
553 2957 687 2993 Cultum
711 2959 848 2994 Altaris.
868 2969 946 3004 503.
964 2967 1016 3005 13.

107 2999 163 3035 v1.
188 3001 305 3036 Officia
322 3003 556 3045 Ecclefiastica,
579 3015 649 3051 quae
661 3017 723 3040 non
744 3005 859 3042 dantur
887 3007 917 3040 in
936 3007 1062 3045 titulum
1075 3032 1087 3050 ‚

154 3060 217 3083 non
225 3050 533 3095 comprehenduntur
544 3051 600 3088 sub
619 3053 820 3089 concordatis
834 3078 844 3088 .
868 3065 907 3100 23
914 3054 946 3089 8.
958 3058 994 3090 6.

108 3098 154 3132 n.
178 3095 327 3133 Officium
339 3098 525 3134 Confeffarii
537 3100 566 3134 in
574 3101 701 3146 publica
720 3098 859 3137 Ecclefia
881 3101 926 3136 est
948 3102 1087 3139 officium

153 3143 332 3189 publicum.
344 3157 421 3192 372.
441 3149 491 3180 16.

201 3191 280 3229 Vide
294 3194 324 3227 in
337 3194 430 3228 verb.
453 3192 678 3237 Beneficicttus.

2061 144 2148 211 73

1525 258 1801 297 OMISS10.

1160 346 1207 382 11.
1231 346 1370 384 Omissio
1378 347 1600 384 celebrationis
1614 349 1775 385 Missarum
1789 373 1800 391 ,
1814 349 1943 395 quando
1952 351 2015 386 non
2030 364 2154 398 prove-

1205 395 1252 428 nit
1262 405 1305 429 ex
1316 394 1422 439 Culpa
1432 395 1622 440 Cappellani
1633 420 1644 436 ,
1658 408 1722 431 non
1736 396 1781 431 est
1809 397 1915 433 Causa
1941 398 2093 435 sufficiens
2110 402 2151 436 il—

1204 442 1269 476 lurn
1286 441 1497 476 removendi.
1533 453 1591 487 40.
1608 453 1659 476 12.

1156 487 1198 523 11.
1221 492 1274 525 Ex
1285 488 1451 524 orniffione
1463 488 1495 521 A
1553 499 1606 524 um
1620 489 1881 526 facultativorum
1899 493 2021 530 nullum
2033 497 2151 540 praeju-

1205 535 1324 574 dicium
1336 535 1440 572 afferri
1449 535 1557 584 potest
1568 537 1730 573 emittenti
1741 558 1753 571 .
1777 548 1820 587 43
1826 550 1860 583 7.
1885 549 1940 573 20.

1546 634 1580 669 0
1604 634 1640 669 N
1665 635 1695 672 U
1720 633 1763 670 S.

1154 728 1182 764 Ι.
1205 729 1275 776 Qi
1305 727 1396 766 sentit
1420 740 1501 765 onus
1522 728 1620 764 debet
1639 727 1753 763 sentire
1775 729 1811 764 &
1836 729 2043 767 commodum
2060 753 2071 765 .
2096 743 2150 775 24.

1155 827 1186 863 1.
1205 789 1303 861 1(gnus
1315 824 1580 861 substinendilites
1589 850 1600 867 ‚
1610 823 1645 859 &
1659 824 1772 870 agendi
1783 835 1843 869 pro
1853 822 1967 859 Caufis
1976 823 2125 859 Ecclefiae
2136 848 2150 865 ‚

1201 874 1355 918 primario
1366 871 1487 918 spectat
1494 874 1535 908 ad
1545 874 1637 914 hujus
1646 871 1820 906 Restorem
1831 894 1844 913 ‚
1863 871 2049 907 secundario
2063 874 2148 907 vero

1205 920 1244 954 ad
1259 920 1434 956 patronum
1444 942 1455 954 .
1474 930 1489 954 1
1499 930 1551 960 11.
1567 932 1596 955 1.

1154 963 1199 1002 11.
1224 967 1334 1006 Onera
1343 967 1508 1004 Miffarum
1516 990 1528 1010 ,
1538 969 1572 1004 δι
1588 967 1768 1002 Clericatus
1779 966 1846 1000 sunt
1857 967 1888 1000 in
1897 966 1928 1001 se
1949 965 2122 1012 spiritualia
2137 988 2147 1000 .

1152 1025 1334 1097 11.212'{>ie¹il
1347 1063 1377 1097 in
1387 1063 1495 1098 limine
1503 1062 1695 1098 fundationis
1706 1061 1922 1097 canonicatus
1933 1063 2051 1107 apponi
2064 1073 2146 1097 onus

1202 1107 1378 1154 Organistae
1391 1134 1401 1145 .
1427 1111 1506 1155 508.
1518 1121 1575 1155 47.

1155 1153 1205 1188 11.
1227 1155 1321 1191 Onus
1340 1158 1564 1193 celebrationis
1591 1157 1755 1193 Missarum
1785 1156 1962 1197 injuncium
1981 1155 2148 1191 Beneficio

1150 1227 1155 1233 ·
1202 1213 1267 1237 non
1274 1203 1380 1239 reddit
1391 1205 1470 1240 illud
1482 1204 1677 1240 residentiale
1689 1227 1699 1239 .
1716 1208 1793 1249 516.
1808 1207 1842 1238 6.

1152 1250 1202 1286 11.
1227 1250 1388 1286 Oneribus
1415 1252 1571 1298 impositis
1593 1253 1623 1286 in
1644 1253 1752 1287 limine
1780 1250 1975 1285 fundationis
2000 1251 2152 1296 derogari

1144 1308 1147 1310 ’
1202 1309 1267 1332 non
1281 1296 1387 1343 p'otest
1399 1323 1410 1334 .
1424 1310 1540 1344 570.1.

1154 1342 1214 1379 111.
1238 1344 1332 1380 Onus
1344 1346 1519 1387 injuncium
1528 1345 1695 1382 dumtaxat
1707 1346 1813 1391 primo
1824 1353 1946 1381 vocato
1968 1356 2034 1380 non
2044 1344 2152 1380 cense-

1197 1400 1249 1427 tur
1260 1415 1272 1433 ‚
1282 1393 1391 1439 quoad
1406 1392 1604 1428 substitutum
1616 1395 1788 1438 repetitum
1801 1416 1811 1426 .
1829 1396 1862 1427 6.
1884 1402 1936 1438 17.

1149 1439 1192 1474 V.
1216 1439 1368 1475 Parocho
1382 1439 1474 1475 extra
1483 1441 1578 1475 limen
1595 1439 1788 1475 fundationis
1798 1440 1919 1486 injungi
1939 1439 2043 1484 potest
2066 1451 2146 1474 onus

1197 1487 1374 1533 applicandi
1385 1488 1501 1523 miffam
1516 1500 1576 1532 pro
1591 1487 1721 1533 Populo
1737 1511 1747 1521 .
1764 1487 1841 1533 187.
1859 1499 1909 1523 12.

1149 1534 1190 1570 V.
1216 1534 1496 1575 Canonicisdive
1507 1534 1733 1575 Cathedralis,
1755 1534 1821 1568 sive
1841 1535 2034 1580 Collegiatae
2056 1533 2148 1569 extra

1196 1582 1295 1617 limen
1307 1582 1501 1617 fundationis
1511 1582 1633 1628 imponi
1646 1583 1771 1628 poffunt
1781 1592 1878 1617 onera
1890 1581 2071 1616 celebrandi
2083 1605 2093 1621 ‚
2109 1583 2145 1617 &

1198 1630 1373 1675 applicandi
1408 1629 1533 1665 Missam
1559 1629 1816 1664 Conventualem
1829 1653 1839 1669 ‚
1881 1631 1914 1665 δι
1946 1629 2145 1663 intereffendi

1197 1676 1389 1723 quotidianis
1424 1676 1646 1712 Concionibus
1683 1685 1830 1722 ternpore
1873 1675 2120 1723 quadragefimae
2135 1700 2144 1710 .

1201 1725 1242 1759 18
1270 1748 1280 1759 .
1304 1735 1318 1760 1
1346 1750 1356 1761 .
1478 1751 1483 1756 -

1149 1771 1192 1806 V.
1217 1737 1377 1808 Oiiera3in
1401 1773 1541 1809 Tabellis
1565 1773 1742 1818 praescripta
1765 1772 1835 1807 sunt
1866 1771 2065 1808 obfervanda
2088 1782 2144 1820 per

1196 1819 1430 1865 Cappeuanum
1439 1819 1589 1865 ,quando
1599 1832 1663 1854 non
1679 1821 1839 1864 reperitur
1862 1818 2143 1853 InstrumentumL,

1195 1867 1388 1902 fundationis
1402 1866 1592 1902 eorumdem
1612 1878 1744 1902 onerum
1760 1867 1965 1900 Exclusivum
1980 1890 1990 1901 .
2015 1877 2090 1909 197.
2110 1869 2144 1900 6.

1149 1911 1206 1947 Vl.
1230 1913 1284 1950 Ad
1295 1913 1446 1950 effefitum
1461 1912 1614 1949 statuendi
1632 1914 1846 1948 sufficientiam
1864 1913 2017 1948 Beneficii
2033 1936 2044 1953 ‚
2062 1924 2144 1947 an.)

1196 1960 1389 1996 detrahenda
1400 1961 1458 1996 fint
1468 1972 1569 1996 onera
1582 1961 1746 1996 Miss‘arum
1761 1984 1771 1994 .
1786 1973 1802 2006 3
1811 1971 1827 2005 5
1835 1972 1863 1995 2.
1877 1962 1908 1995 8.

1149 2006 1191 2040 V.
1217 2008 1373 2053 Imposito
1386 2020 1485 2043 onere
1493 2008 1674 2043 celebrandi
1686 2008 1801 2043 missam
1815 2009 1847 2041 in
1858 2011 2057 2053 *perpetuum
2085 2009 2146 2042 du·

1195 2056 1506 2100 rantesaeculo,illud
1522 2055 1637 2090 dicitur
1650 2055 1762 2090 durare
1779 2056 1861 2089 ultra
1872 2055 2004 2100 spatium
2017 2065 2144 2090 centum

1197 2114 1429 2143 annorum,non
1441 2103 1523 2138 vero
1532 2101 1597 2138 hoc
1608 2104 1744 2138 termino
1757 2101 1916 2137 transatio
1935 2103 2141 2138 remanfiffe)

1196 2148 1395 2185 extinfium.
1414 2161 1451 2197 13
1503 2162 1535 2195 3.

1148 2197 1190 2233 V.
1215 2198 1316 2233 Nova
1326 2209 1424 2232 onera
1437 2162 1514 2238 ‚ssu
1524 2197 1725 2233 conditiones
1738 2198 1860 2243 imponi
1876 2198 2001 2242 possunt
2014 2197 2032 2231 a
2045 2197 2142 2233 Sum—

1195 2258 1252 2282 mo
1275 2244 1435 2280 Pontifice
1451 2244 1620 2281 Beneficiis
1644 2245 1714 2292 post
1731 2256 1846 2280 eorum
1867 2244 2118 2281 fundationem-2
2131 2268 2142 2279 .

1202 2295 1276 2338 185.
1290 2303 1319 2329 1.

1150 2342 1193 2376 V.
1218 2341 1328 2376 Onera
1340 2341 1399 2375 alia
1407 2340 1656 2376 suntextrinseca
1666 2349 1782 2375 naturae
1796 2339 1968 2381 Beneficii,
1989 2340 2024 2374 &
2036 2340 2137 2375 alia-,3

1197 2388 1441 2433 quodammodo
1453 2388 1641 2430 intrinseca,
1672 2390 1707 2423 &
1722 2398 1792 2433 quae
1814 2387 1916 2421 insunt
1941 2388 1999 2433 ipsi
2021 2396 2141 2422 naturae

1195 2435 1368 2470 Beneficii.
1381 2435 1457 2470 186.
1473 2447 1507 2480 7.

1149 2484 1192 2519 V.
1216 2483 1386 2528 Imponere
1398 2493 1478 2516 onus
1493 2482 1706 2516 extrinsecum
1717 2480 1881 2515 Beneficio
1891 2479 1935 2514 est
1948 2481 1978 2514 ei
1991 2482 2140 2525 impone-

1196 2543 1231 2566 re
1241 2541 1361 2564 novum
1373 2540 1453 2563 onus
1468 2551 1480 2569 ,
1492 2528 1580 2562 secus
1593 2529 1614 2563 sl
1629 2537 1766 2574 ponatur
1777 2530 1808 2562 ei
1823 2539 1904 2562 onus
1926 2527 2141 2574 quodammo-

1196 2578 1241 2613 do
1254 2576 1455 2612 intrinsecum
1468 2585 1586 2610 naturae
1600 2575 1777 2610 Beneficii.
1795 2575 1872 2612 186.
1885 2576 1917 2609 8.

1148 2628 1191 2663 V.
1215 2625 1308 2659 Onus
1323 2624 1475 2659 recitandi
1487 2623 1642 2659 Divinum
1654 2623 1794 2657 officium
1802 2623 1914 2657 unitim
1925 2633 1998 2658 cum
2013 2622 2115 2657 Clero
2125 2646 2137 2664 ‚

1196 2675 1231 2709 &
1248 2683 1320 2707 curn
1330 2671 1439 2706 Cantu
1450 2672 1481 2705 in
1494 2669 1717 2706 festivitatibus
1729 2670 1971 2705 solemnioribus
1979 2669 2021 2703 est
2033 2671 2141 2715 quod·

1196 2719 1349 2756 ammodo
1363 2717 1564 2754 intrinsecum
1577 2718 1743 2754 Eeneficio
1757 2717 1870 2752 erefio
1880 2718 1912 2751 in
1932 2717 2114 2763 Collegiata
2126 2741 2140 2758 ‚

1195 2773 1249 2803 aut
1262 2767 1534 2803 Cathedralicum
1547 2776 1644 2802 onere
1656 2765 1699 2802 ibi
1709 2764 1861 2801 recitandi
1884 2764 2041 2800 Divinum
2063 2764 2138 2800 offi-

1195 2817 1278 2851 cium
1293 2839 1303 2850 .
1322 2816 1399 2850 186.
1411 2827 1446 2859 9.

1148 2863 1190 2898 V.
1215 2861 1388 2908 Episcopus
1399 2863 1597 2908 injungendo
1609 2862 1790 2904 hujusmodi
1809 2861 1978 2897 Beneficio
1995 2872 2075 2896 onus
2086 2866 2139 2895 re-

1193 2910 1309 2945 citandi
1322 2908 1477 2944 Divinum
1485 2912 1624 2947 officium
1634 2913 1745 2947 unitim
1758 2921 1829 2945 cum
1856 2910 1959 2944 Ciero
1970 2932 1982 2950 ‚
1996 2919 2061 2944 non
2084 2907 2138 2943 di-

1193 2959 1274 2992 citur
1290 2958 1319 2991 ei
1331 2958 1496 3003 injungere
1509 2971 1631 2995 novum
1643 2970 1724 2994 onus
1735 2982 1746 2993 .
1778 2959 1854 2993 186.
1873 2968 1926 2991 ιο.
2121 2976 2123 2981 .

1146 3004 1188 3039 V.
1215 3005 1413 3050 Cappellano
1426 3005 1553 3040 habenti
1574 3019 1655 3041 onus
1674 3005 1853 3042 celebrandi
1872 3004 1988 3039 missam
2002 3027 2013 3045 ,
2033 3001 2138 3048 potest

1195 3054 1235 3088 ab
1267 3051 1425 3097 Episcopo
1460 3053 1582 3099 injungi
1604 3066 1684 3090 onus
1714 3054 1810 3088 etiam
1834 3052 1917 3087 illam
1943 3050 2138 3097 applicandi,

1194 3101 1340 3146 quamvis
1351 3099 1502 3134 fundator
1524 3101 1556 3135 in
1579 3103 1688 3137 limine
1709 3100 1899 3135 fundationis
1918 3099 1996 3134 nihil
2019 3098 2136 3133 dixerit

1194 3148 1235 3182 de
1247 3146 1306 3182 hac
1317 3147 1527 3193 applicatione
1539 3172 1549 3182 .
1567 3149 1643 3195 187.
1660 3159 1674 3183 1
1684 3159 1711 3184 1.
1726 3147 1872 3194 Intellige
1883 3154 1918 3181 ut
1931 3145 1998 3182 ibi.

1146 3193 1192 3229 Π.
1213 3195 1306 3229 Onus
1321 3194 1476 3239 probandi
1489 3219 1500 3235 ‚
1515 3197 1606 3240 quod
1617 3195 1768 3232 Posseffio
1776 3193 1981 3241 praesentandi
1993 3192 2032 3227 fit
2043 3190 2139 3227 amis-

1195 3241 1226 3277 sa
1236 3268 1246 3283 ,
1259 3242 1410 3277 incumbit
1425 3241 1457 3276 id
1469 3243 1631 3288 Alleganti
1648 3269 1659 3280 .
1674 3247 1754 3291 ⁴4⁶·
1765 3254 1819 3279 21.

1147 3290 1178 3325 1.
1209 3291 1271 3325 Ubi
1285 3300 1365 3323 onus
1378 3288 1422 3323 est
1434 3301 1604 3327 commune
1617 3316 1629 3333 ‚
1638 3302 1808 3328 commune
1819 3291 1915 3325 etiarn
1929 3288 2028 3325 debet
2042 3287 2137 3323 else>

1194 3337 1447 3372 emolumentum
1463 3362 1474 3372 .
1500 3350 1576 3384 273.
1593 3350 1646 3384 ¹5·

1240 3384 1322 3418 Vide
1349 3385 1382 3418 in
1403 3385 1493 3419 verb.
1518 3388 1706 3435 Episcopus,
1730 3392 1913 3426 Patronus,
1936 3385 1970 3422 in
1996 3392 2139 3465 gegeigg·

1147 3430 1292 3469 Conditio
1305 3455 1318 3474 ,
1328 3433 1476 3483 ‚Qualitas
1488 3457 1498 3468 .
1731 3442 1745 3468 t
