2430 3776
261 162 362 224 De
374 159 909 244 Jurepatronatus
929 156 1064 223 Par.
1080 157 1190 224 IV.
1213 160 1375 222 Can.
1405 158 1477 221 11.
1503 159 1646 224 Cas?
1671 162 1799 227 Vll.
1997 190 2076 248 59

50 276 176 326 Andr.
190 286 297 316 num.
314 272 355 312 8.
369 268 571 312 Zabas-eu.
586 268 630 308 in
648 266 812 320 §.final.
826 281 931 308 num.
952 280 993 323 3.

31 336 217 391 'Hqstiem
233 344 341 374 narn.
364 334 431 370 ¹6.

0 410 47 445 12
113 394 204 439 lint}
232 405 307 450 per
335 389 484 437 dietam
500 385 868 444 praesentationem
891 400 999 430 neu-

54 458 158 501 trius
172 484 187 506 ,
225 454 415 496 nimirum
458 461 536 490 nec
568 448 833 489 Clericorum
864 447 999 488 Fami-

54 520 121 560 liae
134 517 168 558 Α
184 543 200 566 ,
213 510 575 563 nec‘Clericorum
591 507 770 549 Familiae
784 510 815 549 B
831 508 996 549 Turnus

55 571 312 620 consumitur
325 599 339 619 ‚
367 570 468 628 quia
496 582 574 623 pro
611 567 685 609 illa
716 569 811 610 vice
838 567 994 609 dicitur

53 633 321 694 praesentatio
338 628 695 675 extraordinaria,
714 625 784 669 seu
800 624 997 669 subsidia-

43 699 115 740 'ria
131 705 247 738 extra
261 694 398 749 legem
416 689 551 736 turni,
567 688 628 729 ita
643 690 682 730 &
700 689 857 735 taliter,
877 686 995 744 quod

53 759 219 798 Turnus
248 753 291 793 in
323 748 518 806 sequenti
532 748 756 789 vacatione
783 750 996 805 pertinere

21 818 25 822 ”
53 816 184 859 debet
220 814 273 855 ad
300 810 516 854 Clericum
533 808 709 849 Familiae
724 809 763 848 A
780 837 793 848 .
825 807 994 849 Gonzal.

55 873 305 930 adRegu1.8.
321 869 488 912 Cancell.
497 867 607 925 gloffi
619 879 691 916 45.
707 871 746 913 §.
760 879 800 919 3.
816 882 919 909 num.
925 881 945 920 3
954 878 995 918 7.

54 936 105 980 ὰ
114 938 204 991 seq·
234 938 358 976 Garz.
374 932 419 972 de
434 927 678 981 benefipart.
699 939 738 977 5.
767 939 849 981 cap.
871 940 908 969 1.
921 943 995 970 nu-

1 1007 51 1045 113
65 1009 161 1038 mer.
180 1005 278 1046 243.
307 992 497 1046 Urgente
515 989 677 1029 ratione
695 1015 709 1035 ,
725 990 824 1044 quia
838 985 994 1044 impos-

27 1039 168 1100 ‘fibile
194 1054 249 1096 est
265 1080 279 1100 ,
306 1049 423 1108 quod
452 1045 717 1090 consumatur
732 1049 898 1090 Turnus
922 1050 992 1089 in..

48 1114 331 1174 praejudicium
348 1109 542 1151 'furnarii
559 1136 572 1157 ,
596 1108 769 1166 quando
802 1108 870 1149 hic
907 1121 994 1148 non

52 1175 189 1218 existit
222 1174 264 1213 in
280 1184 418 1213 rerum
446 1179 592 1211 natura
608 1196 622 1217 ,
648 1168 739 1210 cixm
767 1181 852 1210 non
883 1168 993 1209 entis

51 1235 175 1280 nullae
190 1231 266 1274 sint
281 1230 510 1289 qualitates
525 1255 539 1277 ,
554 1232 594 1270 &
607 1227 710 1270 ideo
727 1230 897 1285 quoties
914 1241 993 1270 no-

51 1305 105 1338 va
120 1292 305 1336 succedit
321 1291 487 1333 vacatio
502 1316 516 1336 ‚
531 1290 786 1343 &reperitur
801 1284 994 1336 Persona,

53 1367 145 1416 quae
162 1364 285 1394 antea
305 1364 388 1394 non
404 1348 592 1397 extabat,
607 1348 676 1389 ista
691 1348 780 1400 jure
809 1349 997 1405 quodam

51 1411 293 1475 postliminii
308 1406 582 1466 consequitur
595 1407 782 1449 Turnum
794 1406 864 1450 fibi
882 1421 998 1450 com·-

6 1476 11 1483 '
48 1485 298 1533 petentenu
323 1469 479 1512 sextus
496 1467 538 1508 in
557 1467 678 1521 capit.
699 1481 738 1509 2.
752 1469 800 1509 de
812 1468 992 1522 supplen.

49 1534 193 1592 neglig.
209 1531 368 1575 Praelat.
395 1528 520 1584 infin.
537 1527 747 1586 &iq-glast:
758 1529 871 1569 verb.
882 1528 922 1569 in
930 1539 999 1581 po-

38 1593 194 1648 sterum
219 1593 339 1635 card.
352 1591 400 1632 de
418 1594 507 1632 Luc.
537 1591 585 1631 de
599 1588 788 1644 Regular.
814 1588 856 1628 di
874 1603 906 1628 c.
932 1600 997 1628 ιο.

51 1669 157 1698 num.
173 1666 213 1694 2.
230 1653 284 1695 Et
297 1653 407 1694 ratio
423 1650 601 1692 ulterior
617 1647 674 1690 est
686 1676 700 1697 ,
716 1648 814 1706 quia
831 1647 997 1689 Turnus

54 1728 142 1758 non
157 1709 414 1756 consumitur
425 1738 439 1759 ,
454 1708 526 1752 nifi
537 1708 710 1768 quando
733 1706 995 1764 praesentatio

50 1774 100 1819 fit
119 1773 266 1817 favore
282 1772 448 1830 generis
464 1771 636 1817 vocati,
665 1781 757 1826 quae
789 1766 901 1809 fimul
920 1768 995 1809 ha-

52 1835 152 1879 beat
164 1831 352 1876 effectum
369 1859 383 1881 ,
409 1829 479 1873 nifi
499 1826 789 1872 Turnarius-fit
802 1829 844 1869 in
856 1829 994 1884 culpa.

51 1893 223 1939 Gonzal.
243 1893 299 1934 ad
310 1891 447 1949 Regul.
467 1891 508 1933 8.
525 1888 695 1932 Canceu.
707 1888 890 1954 gloffi45.
910 1893 947 1936 S.
954 1902 994 1941 3.

52 1968 120 2002 me.
134 1965 176 2005 4.
193 1956 283 1994 Rot.
297 1952 339 1993 in
352 1950 560 1994 Bononien.
579 1948 797 1991 Parachiah
815 1961 854 1988 2.
868 1951 995 2014 Mar-

50 2014 101 2058 n'i
120 2014 244 2066 1708.
259 2017 297 2059 §-
316 2011 440 2072 de
453 2023 584 2053 autem
601 2038 615 2058 ,
631 2009 678 2051 ὠ·
699 2011 740 2055 §.
758 2010 916 2048 Etenim
931 2021 993 2048 co-

52 2088 142 2117 ram
161 2071 453 2130 Eminentiffl‘mo
474 2070 598 2114 Priolo
612 2097 624 2109 .

0 2140 52 2187 ιζ
108 2133 279 2176 Tertius
293 2128 425 2174 Casus
444 2131 500 2173 est
515 2160 528 2180 ‚
556 2124 704 2173 Diviso
721 2127 829 2170 inter
847 2130 993 2171 Patro-

52 2205 132 2238 nos
145 2196 245 2252 Jurc
260 2187 537 2249 praesentandi
554 2203 627 2246 per
642 2189 828 2231 Turnum
841 2205 851 2234 ς
876 2188 902 2229 fi
915 2190 995 2229 Be-

54 2253 270 2296 neficiatus
288 2263 495 2308 permutet
510 2246 761 2294 beneficium
776 2249 995 2291 Patronale

0 2331 1 2336 ¹
52 2328 146 2356 cum
175 2313 313 2355 altero
327 2311 537 2355 beneficio
568 2311 611 2352 in
628 2309 772 2351 Turno
796 2309 915 2350 unius
946 2322 998 2351 ex

51 2374 177 2416 diais
193 2374 385 2416 Patronis
402 2400 415 2421 ,
431 2377 470 2416 &
484 2372 557 2414 iste
578 2365 814 2412 consentiat
829 2382 998 2424 permu-

0 2456 3 2508 Ι
51 2434 233 2480 tationi3
263 2446 314 2475 an
343 2430 580 2488 hujusmodi
605 2424 830 2472 consensus
845 2426 996 2471 consu·-

0 2510 3 2527 *
54 2505 140 2537 mat
153 2494 268 2536 iilius
283 2494 472 2535 Turnum
488 2493 506 2533 ἓ

0 2581 2 2590 ι
52 2551 308 2610 Respondeo
326 2570 336 2595 ε
362 2549 619 2598 ΑΕἱι-ιηαεὶνὲ
648 2550 747 2606 quia
775 2546 998 2592 consensus

54 2613 130 2658 ille
147 2614 325 2657 habetur
341 2613 443 2657 loco
458 2609 789 2669 praesentationis
806 2638 820 2658 ,
851 2623 896 2652 ut
918 2610 1000 2652 do-

57 2686 157 2717 cent
183 2672 414 2716 Lambem’n
426 2673 473 2715 de
485 2673 680 2732 ‘Jurepah
693 2669 759 2711 lib.
783 2681 939 2724 2.part.
960 2683 997 2712 1.

55 2733 185 2790 quast.
201 2738 242 2776 6.
257 2745 340 2775 art.
357 2734 479 2787 6.sub
496 2747 600 2774 num.
619 2744 689 2771 20.
703 2757 716 2776 ,
731 2729 780 2773 ὁ·
800 2743 819 2768 2
831 2743 870 2770 2.
894 2736 998 2774 Gon·-

60 2794 144 2836 zal.
158 2795 214 2837 ad
226 2794 364 2848 Regul.
384 2796 423 2836 8.
439 2791 605 2835 Cancell.
614 2789 722 2849 gloffi
735 2803 807 2842 45.
827 2795 910 2842 §.3.
925 2806 1000 2831 nu-

57 2868 155 2897 mer.
173 2867 191 2904 5
204 2867 242 2894 2.
271 2856 365 2895 Rot.
381 2853 494 2908 decis.
514 2855 610 2903 163.
640 2864 744 2892 num.
774 2862 840 2901 13.
868 2865 998 2891 coram

57 2915 244 2957 Durand.
261 2941 274 2962 ,
291 2913 341 2957 ὁ·
353 2913 466 2967 decis.
488 2926 557 2966 34.
573 2926 675 2953 num.
689 2911 728 2951 8.
743 2924 873 2952 coram
889 2911 1001 2952 Prio-

57 2972 93 3016 10
109 3002 122 3024 ,
138 2973 187 3017 ἐν
202 2974 244 3014 in
259 2976 470 3016 Cremonen
487 2979 586 3017 Bene
619 2972 666 3012 cii
685 2988 728 3014 ι.
743 2970 854 3023 Maji‘
874 2982 922 3020 17
935 2983 948 3010 1
960 2971 1000 3012 8.

57 3036 101 3081 5.
113 3039 200 3077 Non
214 3032 408 3088 difficilius
421 3047 553 3075 coram
572 3037 620 3092 R.
637 3036 681 3073 P.
693 3037 747 3074 D.
764 3034 972 3072 Lancetta.

34 3100 55 3145 ς
117 3097 301 3150 Qartus
316 3090 449 3138 Casus
464 3094 533 3136 est:
549 3091 591 3133 Si
602 3091 820 3134 Fundator
834 3090 999 3132 dividat

44 3149 371 3210 ‘Juspatronatus
389 3152 582 3209 paffivum
614 3153 723 3194 inter
740 3148 904 3192 diversa
923 3164 999 3208 ge-

46 3225 158 3256 ·nera
177 3211 440 3269 personarum
458 3227 532 3269 per
546 3212 733 3254 Turnum
751 3239 764 3259 ,
798 3214 838 3253 &
854 3211 1000 3253 Alter-

60 3274 240 3315 nativam
257 3301 271 3321 ,
303 3287 343 3316 e.
358 3287 400 3329 g.
429 3271 655 3315 demandet
683 3300 697 3322 ‚
747 3271 864 3328 quod
901 3285 1000 3328 cap-

49 3331 241 3388 pellania
274 3361 288 3381 ,
333 3332 417 3375 five
457 3331 704 3376 beneficium
748 3330 1000 3386 poffideatur

56 3390 208 3434 ordine
223 3389 445 3435 successivo
462 3394 514 3435 ab
531 3407 614 3436 uno
630 3390 721 3434 filio
734 3391 864 3439 Titii,
878 3392 999 3432 dein-

60 3449 114 3493 de
130 3452 182 3492 ab
199 3465 282 3495 uno
295 3451 386 3498 filio
403 3452 500 3508 Caji
517 3482 531 3504 ,
561 3456 600 3497 &
616 3454 826 3511 postremo
843 3452 897 3494 ab
915 3465 999 3495 uno

45 3529 52 3536 ·
115 3514 219 3555 Pars
233 3513 300 3557 IV.

1116 264 1210 309 filio
1225 267 1491 323 Sempronii;
1518 269 1545 311 fi
1573 268 1825 315 succedente
1843 277 2071 319 vacatione

1115 326 1314 369 beneficii
1327 357 1340 376 ,
1371 332 1412 371 &
1427 331 1591 372 nemine
1609 344 1660 372 ex
1676 336 1840 376 vocatis
1852 337 1963 379 intra
1979 348 2066 379 ter-

1100 406 1102 408 ·
1119 387 1278 429 minum
1311 388 1508 431 statutum
1539 404 1815 446 comparente
1830 422 1844 442 ,
1883 397 2067 440 Ordina-

1119 447 1206 489 rius
1235 447 1429 490 conferat
1451 448 1701 492 beneficium
1726 452 1814 503 jure
1841 454 2065 506 devoluto,

1118 506 1284 549 cuidam
1313 507 1403 550 filio
1426 509 1558 555 Titii;
1592 513 1791 567 quaeritur
1817 528 1866 556 an
1883 517 2064 569 proviiio

1116 567 1188 609 ista
1205 566 1310 611 fasta
1324 569 1376 610 ab
1393 569 1721 621 Ordinatiojure
1738 572 1946 616 devoluto
1963 591 2067 620 con-

1116 624 1334 682 sumpserit
1350 631 1537 671 Turnum
1565 627 1813 684 spectantem
1841 635 1892 675 ad
1911 649 2062 677 unum-s

1116 685 1248 728 filium
1265 689 1392 736 Titii,
1405 685 1474 731 seu
1489 690 1632 745 potius
1647 688 1897 735 succedente
1910 697 2060 738 iterum

1118 749 1341 791 vacatione
1361 748 1587 797 beneficii,
1610 752 1762 793 iterum
1797 755 1922 795 etiam
1948 756 2065 797 obti-

1119 820 1218 848 nere
1230 809 1385 850 debeat
1401 810 1554 851 dietum
1567 809 1819 855 beneficium
1835 815 1942 857 alter
1951 813 2064 858 filius

1115 866 1299 919 ejusdem
1318 871 1418 910 Titii
1440 899 1451 911 .

1173 926 1421 979 Hujusmodi
1439 928 1555 971 casus
1572 928 1807 986 disputatus
1824 932 1904 976 fuit
1928 936 1970 977 in
1986 939 2060 978 Sa-

1113 1001 1182 1027 cra
1198 992 1299 1029 Rota
1315 1017 1328 1037 ,
1356 993 1423 1030 cui
1441 991 1598 1045 placuit
1614 991 1791 1035 definire
1806 1022 1819 1042 ,
1857 996 2060 1051 provisio-

1117 1060 1210 1088 nem
1225 1047 1339 1090 illam
1355 1050 1489 1091 libere
1500 1049 1646 1094 factam
1662 1053 1715 1094 ab
1727 1056 1956 1099 Ordinatio
1969 1058 2060 1110 jure

1117 1106 1327 1149 devoluto
1340 1136 1354 1155 ,
1372 1107 1656 1165 consumpsisse
1673 1114 1858 1156 Turnum
1880 1113 2063 1171 spectan-

1117 1179 1205 1208 tem
1222 1167 1274 1208 ad
1293 1181 1416 1210 unum
1434 1167 1564 1210 filium
1582 1171 1700 1213 Titii.
1721 1174 1940 1217 Rationem
1962 1180 2064 1220 vero

1117 1227 1177 1268 ita
1208 1225 1436 1269 definiendi
1462 1227 1630 1271 desume
1658 1230 1919 1290 exsequenti
1936 1238 2067 1279 Deci-

1117 1286 1256 1330 fione.

1130 1408 1374 1450 R.1>.D.
1449 1410 1992 1458 ANSALDO

1277 1497 1513 1542 Tusculana
1533 1500 1820 1558 Cappellaniae
1835 1534 1846 1545 .

1316 1593 1410 1632 Ven.
1433 1602 1500 1641 15.
1516 1592 1670 1632 Martii
1687 1604 1815 1643 1715.

1117 1708 1232 1820 IN
1263 1706 1407 1751 iisdem
1425 1710 1630 1759 Tabulis,
1661 1713 1704 1754 in
1737 1714 1895 1770 quibus
1919 1715 1973 1757 de
1990 1729 2066 1758 an-

1209 1782 1263 1810 no
1287 1774 1414 1821 1679.
1442 1785 1519 1825 pro
1541 1772 1685 1813 ultima
1701 1775 1793 1815 vice
1817 1775 1956 1816 datum
1974 1775 2065 1818 fue-

1114 1840 1178 1868 rat
1195 1829 1322 1871 Petro
1345 1830 1397 1872 de
1416 1831 1624 1888 Magistris
1649 1832 1702 1875 de
1730 1834 1854 1875 bonis
1875 1833 1953 1876 suis
1985 1832 2069 1877 dis-

1120 1901 1312 1942 ponere,
1346 1902 1432 1931 tres
1461 1894 1566 1948 erigi
1595 1920 1609 1940 ,
1640 1890 1801 1950 suisque
1835 1892 2067 1951 sumptibus

1114 1947 1255 1991 dotari
1281 1949 1580 1992 Ecclefiasticas
1597 1952 1896 2008 Cappellanias
1926 1958 1967 1996 in
1985 1957 2067 1997 Ec-

1114 2007 1235 2049 clesia
1262 2011 1424 2051 Parrum
1440 2011 1687 2053 Scholarum
1706 2014 1866 2055 Piaruxn
1886 2016 2061 2058 manda-

1115 2081 1234 2110 verat
1263 2065 1335 2110 sub
1351 2084 1399 2112 ea
1413 2073 1532 2126 lege,
1566 2083 1609 2113 ut
1640 2085 1724 2115 non
1744 2075 1856 2128 priiis
1887 2074 2067 2118 facultas

1116 2129 1361 2171 nominandi
1375 2131 1665 2186 Cappellanos
1693 2135 1834 2177 relicta
1862 2149 1936 2188 pro
1965 2151 2069 2179 una-2

1115 2202 1226 2230 voce
1244 2186 1389 2232 iisdem
1410 2191 1619 2240 Patribus,
1638 2195 1677 2234 δε
1694 2207 1769 2247 pro
1788 2194 1934 2237 Altera
1951 2199 2069 2240 Con-

1118 2246 1323 2292 servatori
1337 2251 1540 2294 Civitatis
1553 2252 1604 2292 ad
1620 2249 1811 2295 effectum
1827 2254 2063 2298 deducere·

1118 2319 1201 2358 tur,
1221 2311 1347 2367 quam
1366 2309 1619 2367 consumptae
1637 2311 1764 2355 essent
1784 2329 1860 2370 per
1873 2316 2060 2359 Turnum

1118 2383 1266 2411 omnes
1296 2370 1376 2411 illae
1409 2373 1722 2415 nominationes
1755 2372 2066 2429 personarum),

1116 2443 1223 2487 quas
1255 2431 1406 2471 ordine
1435 2429 1658 2475 succeffivo
1690 2433 1963 2478 instituendas
1980 2437 2067 2478 Te-

1119 2490 1248 2532 stator
1267 2488 1352 2545 ipse
1372 2490 1566 2533 voluerat
1580 2520 1593 2540 ,
1622 2493 1828 2535 videlicet
1858 2496 1948 2551 post
1962 2498 2068 2538 Pau-

1119 2549 1203 2591 lum
1221 2547 1671 2608 Crispum,J0sephum
1689 2555 1870 2603 Butium,
1885 2557 2067 2610 &Joan-

1122 2623 1214 2651 nem
1233 2612 1531 2653 Bernardinum
1550 2612 1603 2653 de
1618 2614 1782 2655 Blancis
1800 2643 1813 2663 ,
1846 2629 1958 2672 quos
1991 2618 2063 2657 im

1118 2672 1276 2725 primos
1290 2671 1578 2727 Cappellanos
1594 2673 1881 2728 defignaverat
1913 2689 1954 2721 ε
1988 2677 2066 2717 Ab·

1118 2730 1204 2771 bino
1220 2732 1272 2771 da
1277 2731 1488 2783 succedere
1503 2733 1643 2773 ordine
1650 2733 1860 2790 succefflvo
1876 2763 1888 2783 ,
1900 2735 2065 2787 secondo

1118 2791 1183 2831 che
1192 2802 1264 2843 per
1269 2791 1385 2843 scala
1412 2793 1462 2831 da
1482 2806 1542 2831 me
1555 2792 1649 2844 sono
1666 2794 1859 2835 nominati
1874 2795 2063 2850 gl'infra-

1108 2850 1281 2903 scritti,
1312 2851 1389 2891 cio?
1415 2851 1662 2891 Bernardino
1685 2854 1788 2903 BuzJ'
1806 2882 1819 2902 ,
1848 2855 1933 2896 Gio:
1948 2857 2063 2897 Paolo

1119 2913 1278 2953 Manna
1296 2939 1309 2958 ,
1339 2911 1369 2951 il
1383 2912 1461 2967 Sig.
1479 2911 1610 2953 Pietro
1630 2913 1792 2968 Galoppi
1804 2914 1887 2956 &v-
1899 2942 1912 2963 ‚
1947 2917 2064 2957 Paolo

1118 2971 1287 3012 Antonio
1307 2972 1415 3011 Ferri
1432 2972 1515 3014 &a
1537 3000 1549 3020 ,
1565 2985 1616 3011 un
1618 2972 1736 3030 figlio
1754 2974 1904 3031 delsig.
1928 2975 2061 3017 Pietro

1119 3030 1299 3086 Arigoni,
1318 3047 1368 3071 un
1373 3032 1492 3087 figlio
1507 3033 1571 3072 del
1584 3033 1662 3087 Sig.
1679 3032 1857 3089 Gioseppe
1875 3036 1994 3086 Buzj,
2011 3050 2062 3078 un

1108 3091 1225 3146 figlio
1241 3092 1308 3132 del
1317 3091 1396 3147 Sig.
1413 3093 1540 3133 Giulio
1556 3092 1653 3134 Pelle·
1668 3121 1680 3140 ,
1699 3094 1748 3133 ed
1760 3094 1947 3151 unfiglt'o,
1962 3096 2066 3141 che„

1119 3151 1280 3203 nascent*
1300 3152 1350 3191 da
1367 3151 1505 3192 Maria
1523 3180 1536 3199 ‚
1573 3168 1592 3193 e
1613 3153 1792 3206 Faustina
1807 3157 1911 3206 Buzj
1944 3163 1958 3210 (
1976 3155 2067 3199 sunt

1124 3211 1251 3253 verba
1279 3209 1363 3266 ipsa
1391 3212 1414 3253 a
1442 3213 1660 3255 Testatore
1687 3214 1880 3270 prolata)
1910 3218 2066 3273 quibus

1121 3272 1315 3313 omnibus
1334 3270 1591 3326 consumptis
1609 3271 1730 3316 fieret
1758 3276 1927 3316 tandem
1946 3277 2067 3318 locus

1121 3333 1398 3374 nominationi
1431 3333 1595 3374 Patrum
1614 3361 1627 3382 ,
1651 3338 1691 3377 δε
1717 3333 2065 3385 Conservatoris,

1117 3405 1202 3433 non
1235 3405 1373 3434 tamen
1390 3390 1595 3434 effrenatae
1613 3421 1626 3441 ,
1658 3408 1704 3435 ac
1731 3396 2069 3445 omninolibere,

1122 3448 1193 3494 sed
1228 3465 1271 3499 ·.·..··
1301 3457 1378 3496 Con
1406 3453 1539 3507 questa
1562 3454 1786 3498 condizione
1802 3455 1900 3510 pero*
1915 3485 1928 3505 ,
1958 3457 2068 3496 cheli

1592 3514 1632 3553 H
1668 3527 1687 3554 2
1972 3515 2070 3572 s0g·
