2476 3788
365 311 455 340 non
471 289 625 347 recipit
645 288 698 330 ab
718 287 792 328 illa
805 284 1071 342 potestatem,
1088 283 1128 327 &
1143 290 1242 327 tunc
1257 277 1322 326 fa.

369 360 477 399 §tum
491 364 575 393 non
597 349 654 392 est
671 346 836 390 nullum
859 373 870 387 .

311 429 339 469 7
428 415 524 455 Hoc
563 405 776 465 supposito
795 405 848 446 ad
866 403 1043 446 dubium
1060 398 1322 457 responden-

370 474 448 521 do,
464 468 618 513 censeo
640 464 869 510 dicendum
888 462 1198 507 Institutionem
1212 461 1321 504 1²1«ae-

369 531 525 574 sentati
556 527 702 570 fastam
742 519 822 581 per>
848 520 1100 578 Episcopum
1141 515 1322 575 absque)

368 593 526 651 praevia
568 586 839 648 affignatione
879 593 1076 637 congruae
1109 577 1323 626 sustineri,

371 665 463 695 tum
477 651 578 708 quia
611 648 654 688 in
678 645 761 687 hoe
775 649 929 686 canone
959 654 1044 685 non
1066 639 1146 681 fuit
1177 637 1202 682 a
1219 638 1325 678 Cle,-

367 723 516 756 meute
532 711 584 749 V‘-
603 704 789 762 apposita
805 715 932 759 poena
948 700 1134 742 inferens
1148 695 1326 740 necessa-

376 773 443 815 rio
460 770 699 812 munitatem
712 768 823 807 aecus
838 790 851 810 ,
868 758 939 802 sed
956 759 1090 802 solum
1109 758 1324 800 inhibetur

367 828 598 887 >Episcopis
614 825 688 867 sub
706 819 1140 866 obtestationeDivini
1155 817 1322 869 judicii,

378 905 430 936 nc
447 889 630 934 instituat
642 882 939 925 Praesentatum
957 878 1323 922 inparochialisse-

377 948 500 995 cie-fia
525 943 682 1007 absque
701 941 970 998 affignatione-
995 951 1194 995 congruae
1222 950 1325 994 por-

375 1010 507 1054 tionis
524 1037 538 1056 ,
566 1019 655 1048 tum
688 1004 788 1060 quia
801 1001 1050 1042 ordinarius
1071 1012 1156 1041 non
1173 998 1324 1054 recipit

377 1069 627 1128 potestatem
646 1061 890 1106 instituendi
907 1060 958 1102 ab
975 1060 1060 1108 hoc·
1074 1064 1245 1106 Canem,
1261 1059 1324 1103 ita

370 1128 500 1182 Gloss.
513 1126 574 1168 hic
586 1125 702 1168 verb.
717 1121 940 1164 Inhibentes
955 1148 968 1169 ,
981 1119 1224 1161 Lambertin.
1239 1118 1325 1163 de.)

369 1191 671 1244 jurepatronat.
713 1182 783 1227 lib.
816 1194 858 1225 2·
889 1193 985 1238 par.
1017 1194 1058 1239 3.
1087 1177 1221 1241 'quaest-
1256 1191 1327 1221 10-

379 1259 500 1292 artic.
516 1259 557 1299 4.

471 1364 1197 1429 ARGUMENTUM4

323 1502 441 1554 Con
446 1515 573 1571 grua
594 1493 771 1548 debita
788 1490 1041 1551 Paroch0,
1055 1487 1163 1543 five
1175 1487 1327 1553 Vica-

402 1579 481 1631 rio
521 1591 778 1648 perpetuo
811 1568 1118 1644 praesentato
1137 1568 1203 1621 ad
1230 1569 1327 1620 Ec-

398 1652 608 1710 'clefiam
636 1650 992 1706 Parochialem
1018 1647 1329 1722 subjeciarrb

403 1733 727 1792 Monasterio
748 1729 1093 1804 Regularium
1108 1765 1122 1787 ,
1141 1729 1195 1780 in
1216 1725 1331 1799 qui·

398 1814 490 1869 bus
513 1852 527 1874 ‚
559 1816 614 1865 &
644 1813 699 1865 in
719 1831 820 1885 qua
852 1806 1052 1867 summa
1067 1805 1332 1882 assignari,

403 1897 459 1948 &
479 1893 639 1946 taxari
658 1889 846 1946 debeat
866 1931 880 1942 .

530 2000 1152 2048 SUMMARIUM.

359 2101 378 2130 1
412 2089 726 2145 Congruasemel
741 2086 949 2143 afflgnata,
967 2081 1016 2125 ὠ·
1033 2088 1239 2135 acceptata
1253 2090 1332 2118 non

435 2147 560 2202 potest*
587 2148 758 2203 amplius
779 2144 947 2201 augeri,
971 2157 1039 2184 nec
1054 2139 1204 2181 minui.
1230 2140 1333 2181 Am-

445 2209 529 2263 piia
549 2237 562 2257 ‚
576 2221 619 2249 ut
641 2222 752 2249 num.
774 2221 827 2254 2.,
843 2205 981 2247 limita
998 2231 1012 2252 ,
1033 2213 1076 2244 ut
1097 2212 1283 2241 num.10.

356 2280 379 2321 3
416 2271 707 2310 Enumerantur
730 2266 865 2320 plures
887 2263 1038 2318 species
1054 2261 1332 2302 emolumento·-

445 2343 532 2369 rum
549 2327 835 2370 Parachialium
846 2356 858 2367 .

355 2401 384 2440 4
416 2392 596 2445 Congrua
611 2404 662 2430 an
703 2387 752 2430 (θ’
779 2386 820 2426 in
831 2384 971 2440 quibus
985 2379 1254 2425 emolumentis
1265 2378 1330 2420 in-

441 2448 562 2491 certis
595 2447 778 2505 afflgnari
800 2446 910 2503 pofflt
927 2442 1124 2491 Parocho,
1142 2441 1237 2496 sive
1263 2440 1333 2481 Vi-

444 2508 548 2551 cario
556 2520 742 2564 perpetuo
757 2537 771 2556 ,
788 2512 829 2550 δε
846 2519 957 2548 num.
979 2516 1022 2554 ς.

355 2575 380 2611 6
412 2569 696 2623 Monasterium
711 2571 757 2623 si
770 2566 967 2622 percipiat
993 2562 1162 2605 decimas
1175 2570 1332 2603 tenetur

445 2643 585 2686 augere
600 2657 613 2677 ,
643 2629 691 2672 &⁶
725 2628 913 2685 affignare
940 2630 1162 2680 congruam
1174 2618 1331 2663 Vicario

437 2700 624 2745 perpetuo
643 2717 657 2737 ‚
686 2689 811 2730 etiam
830 2689 871 2727 in
892 2684 1052 2728 decimis
1067 2712 1082 2732 ,
1115 2680 1270 2735 constito
1283 2680 1333 2721 de

450 2749 721 2804 insufficientia
742 2748 910 2801 ejusdem
927 2756 1099 2800 congruae
1115 2773 1127 2785 .
1146 2740 1334 2797 Amplia,

447 2822 493 2852 ut
509 2809 619 2852 num.
638 2811 677 2850 8.
694 2838 707 2858 ,
723 2813 910 2866 &quare
929 2805 1027 2848 vide
1044 2817 1155 2845 num.
1172 2816 1240 2853 9.;
1262 2804 1330 2842 Se-

446 2884 511 2910 cus
526 2873 573 2925 fi
595 2884 668 2911 non
692 2868 888 2924 percipiat
907 2865 1077 2907 decimas
1095 2892 1109 2912 ,
1128 2863 1224 2918 quia
1239 2872 1332 2903 tunc

454 2929 536 2985 cogi
549 2931 687 2971 debent
702 2927 939 2970 Parochiani
955 2954 969 2974 ,
986 2929 1026 2967 δε
1043 2937 1157 2968 num,
1173 2936 1213 2973 7.
1280 2933 1284 2938 ’

341 3001 358 3032 1
372 3002 388 3030 1
425 2992 470 3030 In
484 2989 737 3047 afflgnatione
758 3001 932 3044 congruae
963 2984 1069 3025 nulla
1085 2982 1263 3024 habenda
1277 2979 1330 3031 est

450 3049 554 3089 ratio
570 3050 916 3090 emolumentorum
929 3076 941 3095 ‚
954 3057 1037 3100 quae
1055 3043 1268 3088 parochus,
1271 3041 1333 3094 si·-

451 3123 505 3150 ve
518 3109 695 3151 Vicarius
700 3118 914 3163 perpetuus
930 3120 984 3148 ex
1004 3103 1095 3144 aliis
1111 3101 1332 3155 Beneficiis,

449 3168 521 3209 vel
539 3169 681 3225 legatis
695 3181 819 3211 extra
842 3166 1050 3223 Ecclestam
1065 3160 1333 3205 Parochialem

445 3239 614 3281 percipit
635 3258 647 3270 .

331 3292 356 3329 '1
367 3302 387 3329 2
422 3291 576 3343 Congra
592 3287 632 3328 in
642 3304 721 3345 qua
737 3289 897 3341 summa
920 3290 970 3334 sit
985 3283 1170 3328 taxanda
1183 3311 1197 3331 ‚
1212 3280 1261 3323 (δ’
1274 3279 1335 3333 ast

438 3349 640 3402 signanda
677 3349 848 3389 Paracho
864 3365 875 3393 3
906 3345 1117 3389 Concilium
1131 3339 1334 3383 Tridenti-

451 3420 542 3449 num
553 3418 679 3451 totum
698 3407 867 3462 reposuit
882 3405 1052 3448 arbitrio
1068 3400 1275 3446 ordinarii
1291 3428 1304 3445 -

754 165 1257 239 commentaria·
1271 161 1351 232 ad
1371 161 1654 252 fingulo‘s
1673 163 1973 226 Canones
2021 152 2028 157 ’

1392 288 1452 334 13·
1476 273 1718 316 Ordinarius
1729 273 1772 314 in
1787 268 2041 332 afflgmitione
2051 266 2390 326 όοηὲναιψάᾳβ

1512 334 1699 390 respicere
1714 334 1827 376 debet
1841 335 1861 377 ἓ
1964 342 1967 346 ’
2367 326 2370 330 ’
2385 351 2387 354 ·

1395 407 1450 448 14
1479 392 1662 451 Congrua
1678 393 1732 444 est
1749 393 1879 435 veluti
1892 390 1963 435 dor
1975 387 2144 431 Paroa-hi
2157 363 2390 441 acisuppm
2431 413 2433 415 -

1511 455 1640 498 tanda
1658 467 1778 495 onera
1793 445 2271 504 matrimoniispirituhliae
2288 476 2301 489 .
2371 495 2373 497 ¹

1389 526 1438 567 15
1473 515 1612 558 Divus
1628 515 1719 555 Pius
1732 509 2021 555 determinavit
2039 522 2251 567 congruam
2270 506 2390 549 debe-

1501 589 1544 616 re
1558 573 1629 632 effi
1645 584 1810 622 certam,
1815 572 1893 626 fid
1904 585 1978 613 non
1988 569 2177 613 minorem
2191 567 2388 625 quinqua-

1499 633 1617 690 ginta
1635 662 1651 682 ,
1674 646 1742 674 nec
1765 634 1957 687 majorem
1980 630 2136 673 centum
2153 631 2390 684 stator-usn.-

1506 693 1723 749 Intellige,
1737 704 1784 734 ut
1803 706 1915 735 num.
1937 686 2006 736 16.

1390 765 1407 796 1
1418 765 1442 804 7
1473 753 1674 794 parochus
1687 754 1800 795 debet
1816 752 1887 811 ff
1913 760 2115 797 contentus
2140 762 2307 808 congrua
2308 746 2391 805 fibi
2399 726 2401 730 ι

1488 812 1732 867 sufficienter
1746 810 1935 871 affignata
1950 840 1964 853 .
2155 857 2158 859 Α

1393 874 1445 919 18
1477 872 1658 919 Vivarius
1676 885 1891 928 perpetuus
1911 871 2172 928 presentatus
2188 869 2244 912 ad
2258 844 2405 909 Eme-*-

1492 934 1598 989 stam
1612 933 1882 975 parochialem
1885 932 2136 992 spectantem
2149 931 2204 972 ‘ad
2215 927 2406 986 Regulam

1501 1007 1568 1035 res
1595 1003 1850 1040 ara-teneatur
1860 994 1909 1047 se
1935 991 2180 1047 conformare
2193 987 2393 1048 Constitu}-

1507 1053 1681 1097 tionibus
1697 1052 1948 1110 synodalibus
1963 1081 1977 1102 ‚
1993 1052 2044 1096 ὀ·
2061 1045 2403 1095 ordinariorum<

1501 1112 1677 1169 Epifi'opi
1685 1113 1862 1169 „quoad
1890 1112 2017 1155 omnia
2039 1111 2082 1154 in
2092 1110 2226 1152 ordine
2240 1108 2296 1151 ad
2312 1110 2392 1153 30·-

1494 1176 1795 1215 veramentorum
1828 1171 2205 1226 administrationem
2217 1198 2232 1221 ³
2263 1167 2394 1215 &cu-

1507 1249 1597 1280 ram
1612 1233 1846 1280 Animarum
1860 1263 1873 1277 .
2090 1221 2094 1291 f

1686 1298 2100 1395 cAsus1i.

1448 1419 1568 1531 V
1585 1417 1742 1461 Icarius
1774 1426 2002 1474 perpetuus
2039 1409 2230 1456 Ecclefiae
2259 1410 2393 1452 Paru-

1602 1479 1749 1521 chialis
1769 1480 1806 1520 A
1839 1476 2030 1529 subjefiae
2058 1474 2223 1516 cuidam
2236 1469 2393 1513 Mona·-

1449 1536 1575 1580 sterio
1605 1538 1874 1598 Regularium
1905 1536 2128 1594 experiens
2157 1539 2390 1589 congruam

1448 1597 1526 1640 fibi
1546 1599 1588 1640 in
1603 1601 1693 1641 astu
1710 1595 1786 1640 suae
1797 1596 2048 1654 provifionis
2065 1595 2090 1637 a
2106 1590 2388 1650 Regularibns

1451 1656 1688 1714 affignatam
1720 1659 1762 1700 in
1795 1656 1922 1700 scutis
1943 1657 2089 1706 decem
2114 1649 2390 1696 detrahendis

1452 1731 1504 1760 ex
1521 1719 1648 1760 bonis
1667 1716 1849 1770 ejusdem
1871 1715 2101 1764 Parochiae‚
2117 1717 2157 1756 &
2171 1713 2215 1753 in
2230 1709 2392 1753 emolu-

1449 1779 1604 1820 mentis
1625 1777 1816 1820 funerum
1840 1773 2164 1832 Baptismatum‚
2178 1775 2220 1816 &
2241 1769 2394 1827 Matri·-

1447 1840 1690 1880 moniorum
1707 1867 1721 1887 ‚
1751 1835 1832 1879 esse
1862 1838 1997 1879 minus
2022 1832 2294 1877 sufficientem
2309 1840 2393 1886 pro

1447 1899 1543 1952 ejus
1564 1896 1876 1945 sustentatione,
1896 1895 2046 1952 utpote
2061 1891 2390 1936 ascendentem)

1450 1956 1586 2001 solum
1613 1958 1666 2000 ad
1683 1955 1796 1998 scuta
1812 1956 2054 2013 quindecim
2081 1953 2250 1995 circiter
2262 1947 2390 2006 petiit

1451 2020 1507 2061 ab
1524 2016 1678 2060 eisdem
1699 2017 1978 2073 Regularibus
1993 2043 2007 2063 ‚
2034 2025 2080 2056 ut
2097 2024 2285 2071 congrua
2299 2004 2389 2051 hoee

1448 2078 1527 2121 fibi
1542 2089 1758 2134 augeatur,
1773 2080 1815 2119 &
1831 2075 2051 2132 affignetur
2070 2074 2195 2116 etiam
2214 2073 2256 2114 in
2272 2066 2395 2113 deci-

1452 2139 1531 2188 mis
1547 2166 1561 2186 ‚
1577 2151 1680 2194 quas
1699 2136 1928 2195 Regulares
1957 2134 2195 2191 percipiunt
2210 2160 2224 2181 ,
2247 2135 2286 2174 &
2299 2131 2394 2172 ex-'i-

1451 2210 1561 2255 gunt
1576 2196 1600 2240 a
1616 2197 1884 2239 parochianis
1901 2196 2017 2239 distae
2033 2192 2260 2238 Parochiae3
2273 2193 2393 2247 Qe-

1451 2260 1558 2300 ritur
1583 2259 1625 2299 in
1655 2257 1736 2300 hoc
1765 2254 1857 2298 casu
1877 2283 1891 2304 ‚
1921 2268 1972 2296 an
2003 2254 2111 2295 dista
2141 2247 2393 2308 congrua'fit

1449 2318 1548 2360 huic
1581 2318 1771 2360 Parocho
1797 2315 1991 2372 augenda
2014 2342 2030 2364 ‚
2063 2318 2103 2357 &
2130 2310 2390 2368 affignanda.»

1455 2381 1581 2421 etiam
1601 2379 1643 2419 in
1660 2377 1835 2419 decimis
1851 2404 1862 2416 .

1511 2439 1642 2494 Qod
1658 2451 1742 2480 non
1758 2436 1804 2478 fit
1819 2435 2011 2493 augenda
2023 2462 2037 2483 ‚
2062 2448 2138 2477 uec
2153 2428 2389 2488 affignanda.

1452 2500 1497 2542 in
1512 2499 1687 2540 decimis
1718 2493 1891 2538 suadere
1907 2496 2076 2538 videtur
2097 2492 2250 2538 facium
2265 2489 2390 2549 ipsius

1452 2560 1612 2602 Vicarii
1629 2587 1643 2606 ,
1657 2555 1727 2599 scu
1742 2557 1922 2599 Parochi
1937 2584 1951 2604 ,
1980 2555 2052 2597 iste
2081 2555 2190 2596 enim
2207 2549 2390 2594 Praesen·

1454 2631 1568 2662 tatus
1600 2619 1625 2661 a
1642 2617 1921 2673 Regularibus
1953 2614 2006 2656 ad
2017 2613 2238 2656 Ecclesiam
2258 2614 2390 2654 Paro·

1453 2679 1634 2723 chialem
1647 2706 1660 2727 ‚
1689 2691 1779 2719 eam
1809 2676 2048 2731 acceptavit
2076 2671 2150 2716 sub
2174 2675 2390 2730 congrua-2

1452 2741 1654 2797 portione
1670 2736 1743 2780 fibi
1758 2733 1951 2792 affignata
1965 2737 2008 2778 in
2024 2734 2144 2777 dietis
2161 2731 2288 2775 scutis
2306 2730 2387 2772 de-

1452 2813 1545 2842 cem
1561 2828 1574 2848 ,
1607 2803 1646 2842 &
1664 2800 1706 2840 in
1724 2796 2018 2839 emolumentis
2038 2793 2228 2837 funerum
2248 2790 2393 2847 Bapti-

1452 2859 1628 2902 smatum
1643 2887 1657 2908 ‚
1677 2862 1716 2901 &
1735 2857 2105 2899 Matrimoniorum
2121 2883 2134 2904 ‚
2151 2859 2190 2897 &
2207 2866 2302 2895 cum
2315 2865 2390 2892 ca..

1456 2920 1605 2961 unitim
1622 2932 1714 2960 cum
1731 2915 1932 2958 fructibus
1960 2914 2169 2968 cujusdam
2193 2911 2391 2968 fimplicis

1451 2978 1651 3022 Beneficii
1666 3006 1679 3026 ‚
1695 2977 1815 3035 quod
1847 2976 2082 3024 retinebat,
2097 2974 2204 3018 vixit
2227 2983 2302 3029 per
2317 2969 2394 3012 ali-

1455 3051 1565 3097 quot
1579 3051 1738 3083 annos,
1766 3035 1984 3078 succeffive
2013 3034 2191 3092 proinde
2209 3043 2391 3089 praeten-

1454 3101 1556 3142 dere
1577 3112 1662 3140 non
1681 3098 1830 3152 potest,
1846 3107 1891 3138 ut
1911 3095 1982 3137 fibi
2004 3106 2203 3153 augeatur
2217 3121 2231 3142 ,
2246 3096 2286 3135 &
2302 3089 2390 3133 affi-

1456 3170 1609 3216 gnetur
1628 3158 1736 3201 dieta
1767 3170 1956 3215 congrua
1968 3157 2093 3197 etiam
2119 3155 2161 3195 in
2183 3151 2360 3197 decimis
2373 3176 2390 3198 ‚

1401 3231 1420 3260 1
1455 3220 1555 3277 quia
1568 3230 1757 3274 congrua
1780 3216 1907 3259 semel
1921 3215 2130 3272 affignata,
2145 3218 2184 3257 &
2197 3223 2390 3267 accepta-

2458 3212 2476 3283 εκεῖ,
2444 1959 2476 3204 xwmfflQ„
2470 1927 2476 1943 ,Α

1455 3291 1498 3321 ta
1515 3292 1599 3321 non
1617 3276 1755 3334 potest
1769 3277 1945 3333 amplius
1963 3275 2107 3331 augeri
2123 3303 2137 3322 ‚
2166 3277 2206 3315 &
2223 3271 2296 3313 fibi
2312 3273 2397 3312 im*
2460 3283 2467 3306 ·:

1456 3351 1605 3396 putare
1623 3338 1754 3379 debet
1770 3338 1964 3378 Vicat-ius
1978 3364 1991 3384 ‚
2007 3335 2125 3392 quod
2143 3342 2394 3387 acceptave·
2439 3328 2449 3339 '
2470 3370 2476 3385 ,-

1460 3400 1515 3441 rit
1529 3411 1757 3454 congruam
1773 3398 1894 3438 nimis
1908 3387 2394 3447 tenuem‚Tondut.quaest.

1460 3458 1586 3515 benef.
1600 3470 1684 3513 cap.
1691 3470 1710 3511 5
1720 3458 1760 3499 8.
1773 3461 1922 3503 num.6.
1932 3467 2088 3505 tom.1.,
2103 3457 2194 3496 Rot.
2209 3454 2315 3495 dec-2
2326 3461 2397 3501 39.
2444 3463 2446 3467 ·
2466 3447 2467 3450 ’

2458 3464 2476 3506 ‘s

2254 3525 2357 3553 num·
2364 3521 2400 3548 1.
2460 3523 2462 3525 ’
