2392 3736
614 104 716 166 De
733 104 959 190 Jurepa

115 194 422 238 amovibilitate
436 191 634 236 inclinare
653 193 808 234 debeat
834 192 1051 234 arbitrium

116 254 376 310 Iudicantis,
418 265 490 300 ut,
522 250 806 307 expendendo
835 247 1052 291 effectura,

117 311 444 381 praesumptionis
453 312 567 367 Juris
584 338 598 358 ,
625 310 837 365 explicant
853 312 1046 349 Innocent.

114 374 156 414 in
170 386 251 427 cap.
265 370 425 422 audistis
438 384 504 411 nu.
523 384 563 422 3.
576 370 622 410 de
632 368 844 424 praefiript.
868 369 989 410 card.
1002 368 1050 406 de

115 436 204 475 Luc.
214 433 260 473 de
274 431 376 472 md.
393 430 436 470 di
452 444 486 471 c.
510 441 608 481 135.
622 442 728 468 num.
751 441 817 477 15.
834 431 933 469 Rota
945 427 1052 480 apud

112 491 235 542 Posth.
249 491 523 531 demanutent.
538 487 651 540 decis.
669 492 739 539 64.
750 500 900 528 numa.
915 499 1047 526 coram

111 554 274 592 Bur-att.
289 548 401 602 decis
408 560 506 600 572
521 562 626 589 num.
636 560 701 599 14.
722 547 769 591 ό·
787 546 828 587 in
842 545 1047 586 recentior.

114 609 224 661 decis
235 621 335 659 429
351 623 456 649 num.
469 620 506 658 ς.
514 619 607 661 par.
627 619 692 656 19.
722 611 762 649 &
792 606 833 646 in
860 603 1046 647 terminis

114 680 286 710 monent
304 672 395 722 Lap.
406 667 566 723 allegat.
583 669 654 716 67.
670 681 771 706 num.
777 668 818 706 6.
832 667 983 706 Lotter.
999 664 1046 704 de

113 742 157 770 re
169 727 293 782 benef
308 727 376 768 lib.
385 740 419 767 x.
433 724 562 781 quast.
569 737 608 775 5.
625 739 728 766 num.
737 726 804 774 58.
822 724 989 764 Corrad.
1005 722 1046 763 in

107 798 234 842 prax.
244 786 364 840 benef:
378 785 445 827 lib.
449 800 490 836 9.
505 796 586 838 cap.
591 789 630 824 6.
649 799 751 826 num.
759 788 857 824 261.
872 787 912 825 δι
928 796 1048 839 egre-

115 846 185 904 gie
198 851 290 888 Rot.
303 845 357 886 ad
374 855 551 886 ornatum
562 845 683 886 Card-
695 845 741 886 de
754 847 846 886 Luc.
859 844 906 884 de
918 840 1040 896 benefi

114 907 181 947 tib.
191 919 256 946 12.
267 904 452 958 decislu.
463 918 567 946 num.
571 916 612 955 7.

57 971 84 1008 6
173 966 220 1006 In
243 962 428 1020 praesenti
453 975 586 1006 autem
615 959 897 1005 controversia
937 960 1042 1002 hanc

109 1025 372 1080 probationis
390 1021 564 1079 speciem
585 1022 833 1078 Cappellani
869 1035 951 1063 non
969 1034 1043 1062 ex-

110 1083 312 1125 hibebant
330 1111 343 1131 ,
372 1084 558 1140 quinimo
578 1083 754 1123 invicem
775 1081 942 1124 collatis
963 1080 1042 1120 do-

27 1157 30 1174 ι
108 1143 316 1184 cumentis
344 1142 548 1184 hincinde
567 1141 781 1188 deductis,
815 1140 922 1182 adeo
956 1137 1041 1181 effi-

110 1203 197 1244 caci
204 1217 223 1242 ι
241 1213 456 1257 comperta
469 1200 584 1243 fuere
597 1214 673 1248 ea,
702 1201 838 1240 Curiae
871 1199 1038 1239 nomine

110 1262 297 1303 exhibita
312 1288 326 1308 ,
342 1273 385 1302 ut
397 1288 412 1308 ,
429 1273 472 1301 ut
485 1262 589 1301 citra
605 1273 726 1314 opem
742 1256 923 1310 juridicae
943 1270 1041 1312 prat-

28 1361 31 1379 ;
106 1318 381 1376 sumptionis,
406 1319 706 1360 concludenter
729 1319 891 1360 detecta
921 1317 1040 1357 vide-

28 1382 32 1408 !
107 1392 222 1422 retur
238 1377 532 1423 amovibilitas;
550 1379 628 1418 Pro
646 1390 694 1418 ea
709 1378 817 1418 enim
834 1377 1040 1431 urgebant

29 1439 32 1481 l
104 1432 239 1496 primo
253 1434 520 1494 antiquissima
537 1435 724 1478 Ecclefiae
743 1436 887 1477 statuta
900 1463 914 1483 ,
929 1435 1040 1477 ultra

29 1495 33 1522 i

29 1529 33 1539 .

105 1497 430 1554 explicationem
445 1495 798 1552 cappellanorum
814 1495 1038 1543 annalium,

29 1550 33 1558 ¹
102 1561 151 1613 Gt.
166 1556 513 1600 mercenariorum
525 1583 538 1604 ,
555 1569 602 1596 ac
619 1554 1040 1596 determinationem.)

100 1615 320 1672 juramenti
350 1628 460 1656 anno
475 1614 672 1673 quolibet
699 1628 770 1669 per
786 1611 896 1668 ipsos
934 1627 1039 1669 prae-

30 1680 35 1732 ξ
104 1668 235 1720 standi
248 1703 262 1723 ,
281 1675 466 1730 praecise,
483 1678 521 1717 &
540 1673 738 1727 explicite
754 1673 1037 1715 omnimodam

31 1742 34 1748 '
105 1734 288 1782 Pastori,
315 1737 353 1776 &
370 1734 572 1789 Magistris
589 1731 830 1775 facultatem
848 1733 1038 1776 tribuen-

105 1795 164 1841 tia
178 1790 427 1849 disponendi
438 1794 547 1835 circa
557 1785 908 1850 Cappellanorum
924 1805 1038 1834 rece-

105 1852 296 1911 ptionem
314 1880 326 1900 ,
345 1847 644 1895 correctionem
663 1879 678 1900 ,
702 1856 741 1895 δι
757 1851 1038 1907 expulsionem

108 1926 202 1955 cum
222 1912 512 1955 interdictione
525 1939 540 1960 ,
561 1907 854 1968 cujuscumque
869 1922 1039 1954 contra-

33 1967 36 2003 ἓ
108 1971 334 2018 difflonis3
369 1971 563 2028 Cumque
576 1970 649 2012 illa
662 1968 903 2013 confirmata
914 1983 1041 2026 appa-

34 2060 37 2068 -.
108 2043 227 2074 reant
253 2028 326 2073 sub
341 2044 452 2072 anno
472 2030 598 2071 1618.
627 2044 651 2072 a
680 2033 720 2074 S.
733 2029 851 2083 Sedis
864 2030 1039 2085 Legato,

43 2982 46 3017 i

107 2086 368 2133 constabilita
395 2089 493 2132 inde
521 2101 706 2132 remanet
719 2090 1038 2131 amovibilitatis

106 2148 306 2209 probatio
325 2177 338 2197 ,
365 2162 480 2198 nam,
496 2147 741 2204 superventa
753 2147 1038 2190 confirmatio-

108 2221 160 2251 ne
176 2209 448 2260 Apostolica‚
473 2206 662 2251 occlusus
694 2219 879 2250 remanet
898 2208 1037 2250 aditus
1074 2209 1079 2214 '

36 2302 38 2307 .
105 2267 379 2325 impugnandi
405 2268 579 2323 amplius
610 2267 717 2310 dista
735 2268 907 2316 statuta,
936 2267 1039 2309 dato

36 2361 40 2374 .
106 2330 258 2376 etiam,
279 2329 395 2385 quod
410 2325 632 2370 secundum
651 2340 794 2368 eorum
810 2327 1042 2382 primaevam

38 2439 39 2442 Ἴ
103 2387 339 2456 originem,
373 2388 548 2429 totalem
579 2399 662 2429 non
702 2399 1043 2442 promererentur

37 2458 41 2484 ἰ
107 2439 399 2490 executionem
415 2475 428 2495 ,
444 2459 487 2488 ut
505 2447 611 2488 dixit
628 2450 728 2487 Rota
741 2459 870 2486 coram
889 2445 1041 2488 Coccin.

38 2521 41 2556 g
109 2503 822 2561 decifi1951.num.29.in1=nsngen
839 2505 960 2560 ‘Juris
976 2504 1041 2546 de-

103 2566 272 2619 putandi
291 2571 457 2608 Curatos
478 2578 546 2605 22.
561 2563 677 2626 Jum'i
698 2568 820 2613 1716.
836 2569 874 2615 ς.
891 2567 940 2605 Et
955 2564 1040 2606 hinc

39 2665 42 2678 ,
107 2623 232 2690 orntſjb
247 2629 439 2668 coramR.
456 2628 500 2665 P.
517 2628 569 2665 D.
589 2637 668 2665 meo
686 2628 828 2671 Cerro,
850 2624 951 2667 &in
965 2628 1038 2666 Sa-

104 2681 317 2738 lisburgen.
358 2683 518 2727 Vicariae
565 2696 585 2735 3
599 2696 634 2724 1.
675 2683 868 2744 Januarii
912 2696 1036 2736 ¹714·

104 2745 144 2791 ς.
135 2742 422 2809 Quamobrem
448 2758 577 2784 coram
597 2748 642 2786 R.
649 2745 691 2783 Ρ.
698 2748 746 2784 D.
763 2756 842 2783 meo
857 2743 1036 2784 Falcone-

104 2801 165 2842 rio
181 2801 407 2855 confirmata
427 2814 495 2853 30.
510 2802 653 2858 Aprilis
681 2814 806 2852 1717.
824 2807 861 2850 §-
877 2808 1037 2846 Verum-

103 2869 240 2901 tamen
250 2875 378 2902 coram
392 2864 492 2903 Me

42 2933 102 2974 7
163 2918 314 2962 Rursus
330 2920 660 2964 concludebatur
679 2921 963 2964 amovibilitas
982 2935 1035 2965 ex

103 2978 335 3037 diplomate
350 2976 541 3034 Episcopi
557 2980 740 3037 Adulphi
762 3009 775 3029 ,
793 2985 831 3023 &
847 2982 1036 3024 Valeria-

103 3040 147 3080 ni
163 3032 372 3093 P'raepofiti
389 3039 587 3085 Leodicn.
599 3055 697 3081 anno
714 3053 790 3092 ¹33
804 3054 838 3080 ι.
862 3041 1036 3097 evulga-

102 3081 168 3146 ἑο,
187 3102 226 3142 &
242 3097 314 3140 sub
325 3110 453 3140 citata
462 3098 701 3154 Apostolica
715 3098 1034 3144 confirmatione

44 3159 49 3197 ἰ
105 3157 436 3225 comprehenso,
454 3160 494 3200 in
512 3172 597 3215 quo
613 3157 684 3200 sub
701 3159 846 3202 eadem
861 3156 1037 3216 praesup-

46 3244 47 3247 =
104 3215 190 3272 pos
177 3229 309 3260 tione
326 3218 541 3275 qualitatis
563 3217 1035 3277 deservitoriae,p0stque

45 3274 49 3325 ἱ

106 3275 329 3318 nonnullas
359 3277 649 3319 ordinationes
670 3278 810 3319 Divini
825 3278 1036 3320 cultusin-

47 3340 51 3373 ἰ
104 3345 360 3378 crementum
377 3335 644 3395 respicientes
658 3337 859 3387 ,relative
874 3337 927 3381 ad
944 3335 1035 3383 fun-

46 3384 51 3404 ι

46 3405 51 3434 i

47 3439 52 3470 i

163 3397 265 3436 Pare
284 3399 349 3439 VI.

966 118 1253 168 tronatus
1273 103 1405 166 Par.
1423 103 1531 168 VI.

1965 120 2094 181 443

1170 192 1383 239 dationes,
1402 189 1657 239 decernitur,
1672 194 1710 233 &
1722 189 1976 237 declaratur,
1991 189 2105 242 Cap-

1169 250 1393 306 pellanos
1380 263 1422 290 m
1436 248 1619 291 futurum
1651 250 1822 291 annales
1838 248 1914 291 effe
1934 248 2105 290 debere.

1168 313 1267 365 Qo
1295 309 1423 351 stante
1439 335 1454 357 ,
1484 321 1537 350 eo
1569 309 1702 364 magis
1730 308 1892 351 exclusa
1920 317 2105 350 remanet

1167 363 1360 425 pretensa
1375 368 1663 422 perpetuitas,
1693 370 1760 408 cui
1789 371 1892 410 eitra
1908 369 2104 410 dubieta-

1168 439 1270 474 tem,
1286 424 1463 468 refistere
1480 424 1749 482 antiquissima
1765 425 1914 469 sanastio
1929 426 2117 474 emissam,

1165 483 1283 528 causa
1299 487 1472 543 cognita
1488 513 1502 534 ,
1521 488 1560 528 &
1577 485 1628 526 ad
1644 486 1796 526 testum
1818 486 2004 527 Ecclefiae
2025 498 2103 540 gu-

1166 547 1355 588 bernium
1368 573 1382 593 ,
1398 558 1472 587 nec
1490 556 1573 587 non
1587 543 1640 586 ad
1656 542 1951 587 fundationum
1966 546 2101 586 adim

1164 606 1420 661 plementum
1440 604 1715 660 praeordinata
1733 631 1746 651 ,
1776 617 1868 660 quae
1886 603 2033 643 nedum
2059 604 2100 646 in

1166 663 1298 733 figura
1315 661 1597 719 dispositionis
1610 676 1728 705 novae
1757 658 1960 704 sufficiens
1977 675 2100 716 repu

1167 727 1246 766 tati
1270 734 1437 780 poterat
1459 723 1512 764 ad
1527 721 1801 764 inducendam
1819 721 2101 763 amovibilita-

1167 795 1252 826 tem
1269 811 1283 832 ,
1301 795 1374 838 per
1392 796 1439 824 ea
1457 795 1546 839 quae
1562 784 1729 824 tradunt
1747 788 1869 823 Azor.
1885 780 2005 832 instit.
2019 795 2102 820 mo-

1167 843 1244 884 ral.
1252 855 1388 897 par.2.
1403 841 1469 882 lib.
1476 854 1513 893 3.
1530 855 1683 895 cap.47.
1697 841 1868 896 quaest.9.
1882 841 2039 893 Bar-bos}
2054 841 2102 881 de

1165 902 1260 956 offic.
1291 900 1339 943 ό·
1349 900 1485 956 potest.
1509 901 1671 956 Episcop.
1693 913 1783 955 par.
1800 915 1838 954 3.
1853 901 2014 956 allegat.
2030 913 2101 953 93.
2141 928 2144 930 ψ

1163 975 1266 1002 num.
1286 974 1304 1000 2
1314 973 1352 1013 3.
1383 965 1421 1003 &
1436 960 1540 1001 dixit
1553 964 1656 1002 Rota
1673 961 1712 1001 in
1731 962 1951 1003 Rerunden.
1968 960 2100 1013 Benefi

1164 1033 1184 1060 2
1194 1022 1235 1061 8.
1250 1019 1368 1079 Junii
1388 1033 1403 1059 1
1414 1023 1514 1069 697.
1526 1024 1564 1067 §-
1583 1020 1778 1062 Validitas
1793 1021 1833 1061 in
1834 1021 1921 1075 fine
1934 1034 2099 1062 coram.-

1159 1081 1243 1121 bon.
1265 1093 1377 1120 mem.
1394 1080 1565 1120 Molines
1582 1108 1596 1128 ,
1627 1077 1848 1135 praesertim
1881 1080 2099 1136 postquam

1160 1138 1456 1194 supervenerat
1504 1137 1768 1181 confirmatio
1813 1139 2100 1194 Apostolicaa,

1158 1198 1274 1251 juxta
1302 1197 1583 1239 authoritates
1611 1195 1798 1253 superius
1817 1199 1963 1239 citatas
1981 1226 1994 1246 ,
2027 1195 2098 1240 sed

1158 1254 1325 1313 insuper
1354 1257 1395 1298 in
1412 1257 1521 1299 linea
1542 1255 1686 1299 saltem
1709 1258 1965 1299 declarativa
1995 1270 2100 1298 con-

1160 1317 1401 1359 cludentem
1430 1314 1637 1374 praesefert
1662 1317 1982 1359 amovibilitatis
2004 1330 2100 1370 pro·-

1160 1378 1375 1419 bationem
1391 1404 1404 1424 ,
1419 1390 1509 1417 cum
1529 1376 1783 1418 credendum
1803 1390 1886 1418 non
1902 1375 1946 1417 fit
1959 1404 1972 1424 ,
2000 1376 2100 1430 Epi-

1159 1434 1354 1492 scopum,
1384 1440 1424 1479 &
1447 1435 1705 1489 Praepofitum
1732 1438 1773 1477 in
1796 1438 1883 1477 astu
1904 1435 2011 1477 adeo
2032 1433 2100 1477 so-

1158 1496 1303 1544 lemni,
1320 1499 1359 1537 &
1376 1496 1576 1537 relevanti
1591 1495 1766 1538 erronee
1784 1492 2098 1551 praesupposuis-

1159 1559 1200 1598 se
1215 1584 1229 1604 ,
1245 1568 1290 1596 ac
1307 1552 1531 1596 decrevisse
1549 1555 1915 1602 amovibilitatem‚
1936 1552 2096 1610 absque

1159 1629 1212 1658 eo
1229 1614 1346 1671 quod
1361 1642 1373 1662 ,
1389 1626 1536 1656 contra
1553 1616 1762 1670 propriam
1779 1612 2096 1663 confessionem,

1158 1675 1211 1716 de
1229 1674 1306 1716 illo
1323 1673 1433 1729 prius
1453 1671 1719 1716 sufficientem
1739 1676 1982 1728 exceperint
1999 1688 2098 1730 pro-

1157 1735 1373 1778 bationem
1388 1761 1402 1782 ,
1443 1734 1558 1774 iuxta
1575 1732 1734 1776 firmata
1745 1747 1819 1790 per
1835 1734 1951 1775 Felin.
1964 1734 2003 1774 in
2017 1745 2098 1788 cap.

1158 1795 1215 1837 ad
1227 1807 1344 1834 aures
1361 1808 1425 1834 nu.
1446 1805 1513 1843 15.
1532 1794 1578 1834 de
1589 1794 1765 1847 rescript.
1789 1794 1938 1836 Adden.
1954 1794 2009 1834 ad
2023 1798 2100 1835 Bu-

1158 1863 1262 1895 ratt.
1278 1852 1391 1903 decis.
1416 1866 1433 1893 1
1446 1865 1462 1892 1
1477 1865 1511 1892 1.
1527 1867 1630 1894 num.
1654 1864 1719 1902 15.
1741 1856 1841 1894 Rota
1856 1867 1985 1894 coram
1999 1858 2100 1894 Poen.

1159 1912 1271 1965 decis:
1289 1915 1390 1962 960.
1402 1925 1507 1953 num.
1522 1925 1563 1963 7.
1593 1926 1720 1953 coram
1731 1912 1834 1965 Celso
1863 1912 1975 1965 decis.
1994 1925 2013 1951 2
2029 1925 2092 1963 15.

1159 1973 1309 2013 num.8.
1330 1970 1372 2011 in
1391 1983 1536 2012 recent.
1552 1972 1664 2024 decis.
1684 1973 1783 2024 284.
1794 1986 1858 2012 nu.
1869 1984 1911 2023 4.
1924 1983 2016 2025 par.
2034 1985 2096 2023 14.

1162 2031 1300 2084 decis.5
1313 2031 1675 2085 23.num.18.par.
1699 2044 1763 2081 19.
1783 2035 1821 2074 &
1834 2031 1941 2073 bene
1958 2032 2000 2072 in
2018 2036 2098 2072 Au..

1154 2091 1320 2148 gustana
1349 2091 1604 2132 Canonicaeus
1629 2091 1848 2132 Provinciae
1862 2092 2099 2147 Moguntinae

1164 2155 1234 2192 26.
1250 2150 1444 2211 Januarii
1465 2162 1513 2200 17
1525 2162 1540 2189 ι
1555 2162 1590 2190 1.
1625 2154 1663 2197 S.
1683 2150 1915 2208 Affitmptum
1930 2163 2099 2203 compro·

1160 2211 1254 2252 bant
1283 2224 1414 2251 coram
1431 2213 1582 2252 R.P.D.
1599 2209 1814 2252 Falconerio
1843 2209 1960 2253 Almae
1977 2210 2098 2253 Urbt's

1164 2269 1456 2312 Gubernatore.

1222 2329 1275 2370 Et
1304 2329 1488 2386 denique
1515 2329 1558 2370 in
1589 2329 1778 2372 eumdem
1794 2328 1950 2373 sensum
1973 2329 2100 2372 colli-

1163 2388 1302 2430 mabat
1324 2390 1542 2445 multiplex
1559 2416 1573 2436 ,
1601 2393 1640 2432 &
1667 2390 1845 2446 plurium
1858 2389 2099 2432 saeculorum

1161 2445 1429 2490 observantia
1449 2445 1650 2490 resultans
1675 2461 1757 2490 tam
1786 2463 1839 2492 ex
1861 2449 2018 2490 actibus
2035 2447 2099 2490 af·

1160 2506 1408 2554 firmativis,
1435 2520 1560 2563 quam
1581 2507 1816 2564 negativis.
1844 2507 2096 2563 Cappellani

1162 2567 1273 2608 enim
1306 2564 1464 2621 semper
1492 2566 1684 2621 deputari
1712 2563 2018 2610 consueverunt
2041 2568 2095 2610 ad

1159 2639 1308 2668 aunum
1329 2653 1342 2673 ,
1362 2629 1400 2668 &
1420 2626 1524 2667 hanc
1545 2626 1762 2668 limitatam
1777 2627 2094 2682 deputationem

1158 2683 1229 2741 ipfi
1247 2698 1420 2742 quoque
1435 2697 1732 2740 acceptarunt,
1757 2700 2018 2743 proprioque
2034 2699 2095 2738 ju-

1155 2756 1362 2793 ramento,
1373 2745 1423 2786 ad
1435 2744 1607 2786 formam
1625 2744 1886 2794 statutorum,
1904 2746 2094 2801 prestito,

1155 2802 1453 2847 confirmarunt
1469 2833 1481 2852 ,
1501 2804 1691 2861 qualibet
1709 2805 1776 2846 die
1794 2807 1994 2850 Cinerum
2010 2805 2095 2847 cla-

1155 2878 1230 2907 ves
1245 2891 1259 2911 ,
1282 2864 1324 2906 in
1340 2863 1494 2919 iignum
1506 2865 1748 2906 dimittendi
1765 2892 1779 2912 ,
1811 2868 1850 2907 δε
1871 2865 2095 2908 obtinendi

1154 2923 1208 2965 de
1226 2937 1341 2966 novo
1356 2922 1535 2965 officium
1553 2951 1566 2971 ,
1579 2922 1871 2979 consignarunt
1885 2953 1899 2972 ,
1921 2929 1961 2968 &
1977 2938 2096 2967 reac-

1152 2995 1387 3038 ceptarunt,
1406 2985 1535 3026 Curia
1550 2980 1779 3039 Hospitalis
1799 2985 2096 3040 Cappellania-

1152 3056 1241 3084 rum
1255 3044 1365 3084 bona
1377 3070 1390 3091 ,
1406 3045 1444 3084 δι
1460 3043 1649 3084 redditus
1671 3042 1983 3093 administravit,
2004 3041 2096 3087 eos-

1152 3116 1237 3159 que
1248 3103 1360 3144 inter
1375 3102 1662 3157 Cappellanos
1679 3102 1884 3146 distribuit
1899 3132 1913 3152 ,
1928 3104 2092 3146 illarum

1152 3164 1483 3218 permutationes
1499 3189 1512 3209 ,
1538 3160 1694 3218 absque
1710 3162 1883 3214 alicujus
1897 3164 2095 3220 Superio-

1153 3222 1211 3262 ris
1229 3221 1533 3275 approbatione
1550 3249 1563 3268 ‚
1596 3220 1753 3262 admisit
1773 3237 1783 3266 ;
1815 3237 1890 3265 nec
1909 3236 2093 3279 unquam

1152 3281 1367 3322 constituit
1388 3307 1401 3327 ,
1418 3293 1670 3337 quemquam
1685 3282 1736 3323 ad
1753 3279 1889 3324 sacros
1908 3284 2093 3324 Ordines

1153 3337 1269 3382 fuisse
1293 3351 1533 3396 promotum
1561 3339 1612 3381 ad
1625 3341 1791 3384 titulum
1818 3343 1962 3385 harum
1977 3343 2094 3395 Cap-

1545 3401 1614 3444 Kk
1626 3401 1649 3443 k
1696 3415 1718 3442 a
1959 3401 2093 3457 pella·
