2392 3736
15 2280 37 2324 ς,

17 2336 38 2389 {2

599 163 699 224 De
711 161 1229 247 Jurepatronatus
1250 154 1381 225 Par.
1409 164 1516 224 VI.

103 253 250 310 fragari
267 248 378 308 posse
392 249 444 291 ad
459 247 696 291 elidendum
706 249 770 299 jus
783 246 1029 304 praesentan-

106 315 151 356 di
180 316 224 355 in
237 311 476 368 Magistratu
488 307 774 364 perpetuatum
805 321 854 348 ex
870 308 1027 362 triplici

107 372 363 416 fundationis
382 369 477 426 lege
488 395 501 416 ,
518 370 559 409 &
574 381 624 408 ex
641 364 870 423 praescripta
885 363 1026 408 obser-

106 433 244 474 vantia
261 429 401 471 elicita
428 428 480 468 ab
504 427 658 468 astibus
675 426 1025 482 praecedentibus,

104 494 216 534 inter
239 501 348 546 quos
374 483 610 528 recensetur
639 487 764 528 etiam
778 485 900 527 status
927 486 1022 527 anni

109 554 235 598 1699.
262 549 335 604 qui
358 546 413 588 est
427 546 698 588 intermedius
727 547 837 587 inter
852 545 960 587 duos
979 546 1021 586 in

103 607 334 666 oppositum
350 605 550 648 addudto.

150 672 246 724 Qo
259 668 367 708 enim
379 667 526 707 attinet
537 665 588 708 ad
600 665 772 721 primum
786 665 883 706 anni
900 667 1027 712 1692.

105 729 197 771 cum
225 726 519 769 antecedenter
546 725 596 766 ad
614 724 884 767 collationem
901 723 1028 764 Ordi-

106 788 209 830 narii
223 787 391 827 Maurus
409 786 462 826 de
476 786 594 826 Haen
615 782 687 826 sub
705 784 773 825 die
795 783 1028 838 17.Janua-

104 849 156 888 rii
169 846 401 888 obtinuerit
418 841 771 899 praesentationem
783 842 806 884 ὲ
817 842 1028 900 Magistra-

105 918 152 948 tu
166 907 347 947 Patrono
364 932 377 951 ,
402 900 651 960 subsequens
667 915 879 958 reportata
891 901 1028 957 provi-

104 965 161 1007 sio
179 967 229 1007 ab
246 964 466 1005 Ordinatio
481 991 494 1011 ‚
523 961 676 1020 absque
696 963 778 1004 ulla
795 962 1029 1003 mention&

103 1026 218 1066 dietae
235 1021 561 1079 praesentationis
575 1050 589 1071 ‚
608 1022 762 1064 nullum
779 1022 908 1063 valuit
922 1022 1031 1062 irro-

102 1098 200 1143 gare
221 1083 501 1139 praejudicium
519 1084 708 1124 Patronis
723 1109 736 1130 ‚
768 1083 840 1138 qui
871 1081 1028 1121 debue-

101 1154 198 1185 runt
209 1142 381 1184 credere
396 1170 409 1191 ,
443 1140 722 1198 praesentatum
739 1141 790 1182 ab
807 1139 898 1195 ipsis
916 1139 1028 1182 obti-

102 1201 226 1245 nuisse
239 1203 442 1244 Vicariam
463 1205 607 1256 vigore
621 1199 799 1251 ejusdem
815 1196 1028 1255 praesenta-

100 1263 252 1309 tionis,
270 1263 367 1303 utin
386 1262 534 1316 ρυιιᾶο
551 1260 658 1300 dixit
689 1263 777 1300 Rot.
795 1258 907 1310 decis.
928 1260 1026 1308 136.

99 1336 203 1362 num.
210 1322 277 1374 38.
286 1333 374 1373 par.
384 1334 446 1368 19.
459 1331 602 1360 recent.
617 1317 665 1361 ά·
680 1331 810 1358 coram
825 1317 1029 1360 otthobon.

101 1381 214 1434 decis.
219 1393 256 1432 3.
274 1391 401 1419 mmm
412 1382 452 1416 6.
468 1378 515 1420 &
524 1378 637 1433 seqq.
649 1379 696 1420 (ν’
711 1377 752 1417 in
767 1376 1030 1429 compostella-

100 1455 152 1481 na
170 1437 406 1482 parochialis
430 1450 443 1476 1
458 1451 492 1478 1.
510 1438 616 1490 MaJi
641 1450 690 1487 17
702 1443 766 1477 16.
786 1442 824 1484 §.
835 1436 948 1486 finali
967 1450 1030 1476 co-

99 1513 186 1540 ram
196 1501 348 1539 ΚΑΒ.
365 1511 443 1538 meo
459 1503 601 1542 Cen-03
634 1498 778 1539 Stante
807 1494 1029 1552 praesertim

98 1558 334 1601 immediate
366 1554 616 1612 subsequuto
647 1557 748 1598 statu
775 1557 869 1596 anni
902 1569 916 1595 1
928 1560 1028 1603 699.

98 1619 141 1660 in
169 1631 257 1674 quo
273 1617 518 1658 Ordinarius
536 1627 660 1658 ratam
682 1616 836 1657 habens
857 1613 1027 1670 praesen-

99 1678 304 1719 tationem
321 1677 580 1731 Magistratus
599 1704 611 1723 ‚
632 1676 806 1718 relative
822 1675 873 1716 ad
887 1676 1025 1729 legem

98 1734 357 1779 fundationis
373 1735 651 1791 praesentatum
672 1735 840 1776 instituit
855 1751 866 1781 ς
881 1734 1025 1775 Unde-³

97 1808 323 1852 propterea
355 1809 406 1837 ex
434 1796 509 1837 isto
536 1793 796 1852 subsequenti
825 1794 928 1836 statu
951 1794 1027 1835 de-

98 1855 279 1898 claratus
294 1884 308 1904 ‚
352 1854 421 1897 seu
450 1860 658 1898 correctus
685 1853 873 1896 remansit
899 1853 1023 1895 status

97 1918 330 1957 contrarius
346 1916 580 1970 praecedens
595 1943 609 1963 ‚
626 1916 668 1955 in
685 1914 851 1956 modum
864 1941 876 1961 ‚
911 1925 954 1954 ut
969 1912 1023 1954 de

97 1975 292 2030 praedidto
305 1978 393 2016 actu
408 1976 695 2022 antecedenti,
714 1974 844 2017 veluti
857 1974 897 2014 in
912 1972 1023 2014 frau-

95 2034 192 2076 dem
220 2035 492 2076 Patronorum
527 2048 599 2089 per
625 2034 776 2076 dictum
807 2032 1025 2088 praesenta-

97 2106 184 2135 tum
202 2091 438 2141 commisso,
464 2093 574 2135 nulla
601 2089 764 2148 prorsus
780 2093 821 2135 in
837 2089 1024 2148 praesenti

95 2152 142 2195 fit
154 2153 347 2195 habenda
362 2154 471 2194 ratio
487 2181 501 2201 ‚
527 2153 578 2193 ad
597 2152 750 2194 tradita
767 2165 839 2207 per
854 2155 942 2192 Rot.
957 2152 1023 2192 de-

93 2212 233 2265 eifi17.
247 2213 394 2254 num-8.
409 2212 458 2255 ἐφ’
473 2212 969 2265 dectjfi290.num.8.par.1
980 2211 1020 2251 8.

94 2283 239 2313 recent.
255 2272 303 2314 ὁ·
322 2273 364 2312 in
380 2272 611 2321 Majoricen.
625 2268 804 2326 Berieficii
833 2284 848 2311 1
862 2283 896 2310 1.
911 2268 1024 2320 Majt‘

99 2342 224 2383 1705.
244 2336 282 2378 §-
298 2333 453 2373 Etenim
463 2331 503 2371 in
506 2331 606 2386 fine,
623 2330 670 2373 &⁴
685 2330 724 2370 in
742 2335 911 2372 Romana
927 2335 1024 2383 Cap-

16 2398 24 2432 ι’
35 2406 38 2445 j
87 2390 262 2444 pellaniae
281 2393 319 2431 S.
332 2391 482 2433 Nicolai
501 2390 684 2449 28.7unii
707 2393 886 2441 1709-*§.
904 2389 1023 2430 Dixi-

19 2440 39 2488 ἐι

35 2494 39 2526 ι

20 2574 40 2613 21

19 2642 41 2683 ’ἐ

21 2715 27 2754 l
40 2729 41 2751 3

22 2758 28 2776 l

21 2784 43 2859 41

92 2464 176 2491 mus
200 2465 328 2491 coram
357 2450 673 2507 Reverendiffi‘mo
691 2454 741 2490 D.
758 2463 839 2489 meo
856 2449 1020 2501 Anfhldo

36 2530 39 2559 5
91 2512 261 2556 Del-imm
275 2511 327 2550 Et
340 2510 440 2553 licet
455 2510 780 2552 contenderetur
796 2509 902 2550 circa
919 2520 1023 2551 tem-

91 2581 169 2624 pus
179 2568 386 2624 praecisum
403 2568 730 2624 praesentationis
748 2568 922 2624 expletae
940 2568 1018 2610 de.»

91 2640 204 2669 anno
220 2632 342 2678 1691.
375 2630 472 2670 dum
496 2629 519 2671 e
544 2626 747 2670 converso
765 2629 942 2670 docetur
965 2641 1016 2670 ex

20 2698 27 2712 ’
90 2685 281 2728 Processu
295 2689 487 2743 originali
499 2690 541 2730 in
552 2690 649 2729 actis
663 2687 882 2741 producto,
895 2687 1016 2744 quod

91 2759 239 2788 revera
268 2744 439 2803 sequuta
462 2747 540 2789 fuit
570 2745 830 2803 praesentatio
856 2747 925 2788 die
950 2759 1016 2796 17.

82 2805 295 2862 Januarii‚
320 2820 402 2849 non
418 2810 518 2850 vero
533 2834 546 2854 ,
562 2819 605 2848 ut
618 2805 926 2862 praeferebatur,
944 2806 1014 2848 die

23 2867 44 2915 l}
94 2866 316 2920 17.Junii,
347 2866 610 2909 nihilominus
637 2866 848 2923 quidquid
864 2865 909 2907 fit
939 2864 1014 2907 de:

23 2938 45 2979 ’ςι
88 2924 171 2970 hoc
187 2925 289 2966 statu
307 2927 403 2967 anni
425 2930 547 2976 1692.
577 2922 734 2979 semper
754 2936 874 2981 urget
897 2936 1015 2967 ante-

22 2983 46 3022 l
89 2983 222 3026 dietus
238 2988 347 3027 aetus
381 2986 618 3027 immediate
644 2983 897 3043 subsequens
918 2986 1014 3026 anni

24 3050 46 3088 Η
93 3049 220 3093 1699.

247 3046 318 3101 qui
347 3044 403 3086 est
423 3045 696 3086 declarativus
722 3044 1012 3100 praecedentis,

26 3119 47 3171 ’,ζ
86 3106 127 3208 ze
155 3103 212 3146 est
237 3103 517 3163 undequaque
547 3104 740 3161 limpidus
765 3119 841 3161 pro
875 3103 1015 3160 Magi-

26 3178 48 3203 ῖι
122 3176 237 3206 ratu.

28 3223 49 3336 il

28 3338 33 3375 ἶ
91 3341 284 3390 dilates,
296 3347 335 3386 &
351 3357 434 3387 non
452 3342 582 3386 solum
598 3343 654 3385 est
667 3344 1025 3400 aequivocus,dum

47 3539 50 3556 l

48 3565 51 3575 ι

97 3223 226 3278 „Qe
239 3225 341 3267 vero
355 3225 406 3266 ad
419 3225 607 3267 ultimum
623 3223 764 3266 statum
778 3223 872 3267 anni
892 3235 1016 3273 1702.

89 3281 165 3324 Iste
181 3282 368 3338 profecto
403 3298 486 3327 non
503 3284 687 3326 modicas
715 3283 895 3326 involvit
910 3281 1018 3325 diffi-

91 3402 282 3444 continet
302 3403 346 3456 in
360 3415 505 3447 ventre
533 3404 781 3446 relationem
806 3403 859 3446 ad
872 3402 1023 3446 Instru-

96 3486 108 3503 *ι
121 3491 127 3505 η
150 3465 251 3503 Bar!
265 3465 330 3506 VI·

1945 183 2078 245 449

1146 259 1329 291 mentum
1348 248 1607 292 fundationis
1632 250 1692 291 ibi
1726 261 1767 293 =
1797 253 1859 292 Ita
1883 261 2014 293 tamen
2037 260 2083 291 ut

1138 311 1265 362 juxta
1267 308 1569 361 fundationem,
1589 308 1638 350 (θ’
1658 309 1830 350 unionem
1846 304 2080 352 altarium...

1145 367 1240 408 anni
1261 367 1576 419 1613.fac‘?am;
1593 367 1674 408 Sed
1690 371 1813 409 etiam
1829 382 1879 410 ex
1898 383 1949 412 eo
1963 369 2080 421 juste,

1145 430 1184 468 δι
1200 425 1510 468 rationabiliter
1525 426 1683 475 conjici
1700 427 1812 468 valet
1827 454 1840 473 ,
1870 430 1988 484 quod
2018 427 2080 469 fa-

1140 488 1203 527 &a
1225 483 1349 527 fuerit
1376 485 1550 527 collatio
1576 485 1628 525 ab
1643 484 1866 526 Ordinatio
1893 487 1981 537 jure
2001 488 2077 528 de-

1143 544 1298 588 voluto
1313 544 1370 586 ob
1382 542 1660 586 desertionem
1677 571 1690 591 ,
1719 541 1788 585 seu
1808 558 1890 586 non
1905 545 2081 587 residen-

1143 607 1244 646 tiam
1261 601 1518 659 personalem
1537 603 1814 657 Cappellani‚
1848 615 1974 659 prout
2007 605 2082 645 de-

1144 664 1319 705 claravit
1335 660 1420 719 ipse
1439 663 1684 704 Ordinarius
1700 689 1712 709 ‚
1729 663 2008 703 mediantibus
2030 663 2080 704 li-

1145 724 1263 770 teris,
1283 736 1387 780 quas
1404 721 1633 773 Revetsales
1650 722 1886 779 appellant3
1906 724 1953 763 Et
1969 723 2078 763 ulte·
2111 741 2114 761 ;

1145 784 1230 823 rius
1247 782 1326 824 fuit
1344 781 1602 824 contradicta
1619 810 1630 828 ‚
1656 793 1784 837 atque
1802 782 2039 839 impugnata
2054 780 2078 823 ὲ

1145 842 1386 899 Magistratu
1399 841 1635 883 declarante
1662 839 1925 898 acquiescere
1949 841 2081 883 velle)

1146 901 1399 956 provisioni,
1430 915 1483 943 eo
1517 901 1806 943 tantummodo
1837 899 1929 943 casu
1945 928 1958 948 ‚
1993 914 2079 957 quo

1147 961 1393 1002 Ordinarius
1415 960 1564 1002 dictum
1583 957 1799 1001 Reversalc
1829 958 2082 1001 transmitte-

1147 1031 1213 1060 ret
1231 1049 1244 1067 ‚
1260 1025 1299 1063 &
1313 1035 1394 1061 non
1411 1020 1533 1061 aliter
1544 1019 1702 1061 admisit
1718 1017 1942 1074 provisum,
1955 1019 2081 1076 quam

1143 1093 1240 1120 cum
1257 1076 1436 1120 clausula
1469 1091 1509 1122 ιτ
1543 1081 1637 1139 Qu
1657 1094 1708 1121 ex
1721 1090 1835 1131 parte
1847 1080 2083 1132 nostraprae-

1133 1139 1338 1192 fintatum
1353 1166 1366 1186 ‚
1393 1153 1444 1179 ex
1462 1136 1754 1194 praesuppofito
1769 1139 1867 1180 dieti
1883 1137 2082 1180 Reversa-

1144 1198 1196 1239 lis
1209 1198 1303 1240 faeti
1323 1199 1375 1239 ab
1390 1197 1617 1240 Ordinario
1629 1226 1642 1245 ,
1663 1198 1714 1239 ad
1728 1199 1845 1255 quod
1859 1195 2081 1253 expressam

1146 1258 1293 1300 habuit
1308 1258 1572 1305 relationem,
1589 1269 1632 1298 ut
1650 1259 1692 1298 in
1707 1257 1919 1298 Summas-io
1937 1257 2084 1297 Hem-i-

1091 1335 1117 1376 g
1148 1317 1183 1358 ci
1198 1333 1300 1359 num.
1319 1330 1358 1368 3.
1388 1319 1439 1359 Et
1453 1317 1646 1374 quamvis
1661 1316 1875 1359 existentia
1892 1316 2086 1358 Matricis
2111 1331 2120 1353 τ

1148 1378 1368 1435 originalis
1399 1378 1496 1420 disti
1527 1374 1757 1418 Reversalis
1799 1377 2082 1432 impugnetur3

1147 1441 1193 1480 In
1207 1438 1398 1479 conflictu
1412 1448 1551 1479 tamen
1567 1437 1859 1492 probationum
1872 1436 2081 1478 hincinde

1147 1497 1414 1538 deductarum
1431 1523 1444 1545 ‚
1458 1494 1603 1538 saltem
1621 1496 1752 1538 dietus
1770 1497 1939 1537 ultimus
1957 1496 2082 1536 status

1148 1557 1300 1598 dubius
1319 1567 1519 1603 remanet,
1538 1555 1768 1611 &proinde
1787 1555 2082 1597 recurrendum

1147 1616 1203 1657 est
1218 1615 1270 1657 ad
1288 1616 1562 1670 penultimum
1578 1616 1673 1657 anni
1693 1628 1709 1654 1
1721 1619 1820 1664 699.
1840 1615 2082 1658 indubitan-

1147 1687 1212 1717 ter
1222 1674 1433 1717 faventem
1453 1676 1643 1716 Patronis
1659 1702 1672 1722 ‚
1697 1686 1742 1715 ut
1758 1674 1892 1730 pamm
1910 1672 2082 1730 respon-

1144 1735 1210 1777 dit
1234 1740 1325 1777 Rot.
1342 1733 1599 1790 &signanter
1613 1735 1653 1776 in
1668 1734 1882 1787 Casertana
1899 1733 2083 1788 Beneficii

1149 1795 1339 1846 13.Ma1'i
1362 1795 1484 1845 ¹718·
1514 1793 1582 1845 Ast
1595 1794 1748 1850 quando
1779 1807 1910 1835 coram
1932 1798 2081 1835 R.P.D.

1144 1868 1226 1895 meo
1243 1857 1447 1900 Herrera3
1464 1853 1708 1896 Accedente
1728 1852 1948 1909 praesertim
1965 1852 2083 1895 claro

1142 1913 1270 1955 titulo
1283 1911 1543 1955 fundationis
1561 1942 1574 1962 ,
1604 1913 1655 1954 ad
1671 1926 1795 1970 quem
1823 1913 1990 1954 ultimus
2004 1913 2083 1954 sta-

1143 1985 1211 2015 tus
1229 1972 1356 2015 habet
1372 1973 1616 2015 relationem
1635 2001 1648 2021 ,
1679 1977 1718 2015 &
1735 1972 1912 2028 proinde
1928 1972 1980 2013 ad
1993 1971 2083 2013 for-

1143 2046 1249 2075 mam
1281 2034 1535 2075 anteriorum
1553 2036 1739 2076 Statuum
1754 2060 1767 2080 ,
1797 2035 1835 2074 &
1863 2032 1971 2087 legis
1987 2030 2082 2075 fun-

1145 2092 1332 2135 dationis
1366 2092 1596 2148 regulanda
1619 2093 1732 2135 venit
1759 2092 1960 2134 hodierna
1977 2104 2083 2134 con-

1142 2153 1283 2195 tentio
1299 2181 1311 2199 ‚
1338 2152 1389 2193 ad
1406 2152 1559 2193 tradita
1573 2165 1644 2207 per
1665 2156 1756 2193 Rot.
1772 2150 1812 2191 in
1830 2150 1998 2192 Reatina
2008 2156 2083 2193 Be-

1141 2211 1270 2267 neficii
1300 2224 1369 2250 20.
1389 2210 1582 2271 Januarii
1614 2224 1691 2261 170
1703 2223 1737 2250 1.
1770 2214 1808 2256 §.
1829 2210 1977 2264 Utique
2012 2223 2080 2262 23.

1140 2270 1289 2326 Aprilis
1310 2283 1435 2321 1703.
1462 2275 1500 2318 §.
1519 2270 1685 2312 Minime
1703 2280 1783 2310 εον.
1799 2269 2081 2326 Reverendiffi'-

1140 2345 1200 2373 mo
1217 2335 1270 2373 D.
1289 2344 1368 2372 meo
1387 2330 1552 2382 Ansaldo
1568 2359 1582 2378 ‚
1614 2328 1663 2372 ὠ·
1677 2329 1717 2369 in
1729 2329 1932 2382 Spoletana
1944 2329 2081 2388 JurisL

1132 2399 1375 2445 patronatus
1392 2403 1460 2439 29.
1477 2389 1597 2447 “Junii
1617 2402 1631 2428 1
1642 2399 1741 2437 705.
1756 2392 1793 2434 §.
1809 2391 1897 2427 Haec
1913 2402 2079 2430 cor-arm..

1140 2451 1224 2491 bon.
1241 2463 1351 2491 mem.
1363 2452 1538 2490 Omanna
1551 2475 1563 2495 ‚
1580 2447 1628 2489 ὼ·
1647 2447 1686 2486 in
1700 2446 1884 2504 Caffanen
1897 2447 2079 2501 Beneficii

1145 2521 1215 2559 27.
1237 2508 1387 2550 Martii
1409 2519 1533 2557 1713.
1566 2510 1604 2553 §0
1623 2510 1768 2547 Parum
1783 2507 1989 2548 relevante
2015 2521 2079 2547 co-

1139 2583 1225 2610 ram
1247 2568 1318 2608 Me
1335 2596 1347 2608 .

1195 2629 1290 2668 Nec
1308 2627 1359 2668 ad
1380 2625 1631 2682 propositum
1658 2627 1846 2669 relevare
1863 2622 1973 2681 posse
1992 2624 2076 2668 visa

1135 2686 1212 2728 fuit
1229 2686 1410 2737 objectio
1427 2685 1599 2728 fundata
1630 2687 1670 2728 in
1689 2685 1954 2742 dispositione
1973 2691 2072 2727 Con-

1134 2747 1214 2787 cilii
1231 2746 1453 2789 Tridentini
1477 2747 1523 2786 de
1545 2745 1745 2797 ufir-mat.
1765 2759 1846 2799 cap.
1861 2760 1900 2795 9.
1929 2746 1969 2786 in
1990 2758 2076 2802 qua

1134 2803 1334 2848 sancitum
1349 2805 1443 2854 fuit,
1463 2806 1580 2863 quod
1600 2806 1668 2846 ubi
1684 2817 1829 2861 agatur
1850 2806 1959 2847 inter
1975 2809 2075 2847 Per-

1136 2863 1256 2908 sonas
1282 2878 1480 2922 potentes
1500 2894 1513 2914 ,
1545 2866 1795 2920 pertinentia
1810 2862 2075 2920 Jurispatro-

1135 2938 1255 2967 natus
1270 2954 1283 2974 ‚
1299 2926 1367 2968 vel
1381 2940 1432 2968 ex
1447 2924 1694 2967 fundatione
1710 2953 1722 2972 ,
1758 2924 1838 2966 sive
1858 2925 1908 2965 ab
1925 2927 2076 2966 imme-

1134 2986 1327 3028 morabili
1357 2987 1435 3028 una
1469 2999 1559 3027 cum
1582 2983 1968 3039 praesentationibus
2000 2998 2075 3040 per

1131 3047 1393 3087 authenticas
1410 3042 1632 3100 scripturas
1646 3041 1774 3099 spatio
1788 3057 1988 3086 annorum
2005 3056 2073 3094 50.

1132 3107 1391 3147 continuatis
1417 3133 1430 3153 ‚
1447 3118 1494 3146 ac
1514 3101 1699 3145 effeetum
1721 3103 1875 3146 sortitis
1895 3103 2074 3159 pleniffi-

1133 3166 1200 3207 me
1215 3164 1424 3216 justificari
1442 3165 1571 3205 debet
1588 3192 1599 3210 ‚
1618 3167 1655 3204 &
1677 3164 1869 3220 longaeva
1884 3162 2069 3219 possessio

1135 3221 1456 3278 velutisuspecta
1468 3224 1522 3263 de
1539 3220 1823 3278 usurpatione,
1845 3227 1883 3265 &
1904 3223 2073 3264 violen-

1134 3296 1177 3325 ta
1192 3284 1450 3325 authoritate
1466 3311 1479 3331 ‚
1510 3296 1586 3336 pro
1602 3283 1718 3324 irrita
1732 3311 1745 3331 ‚
1771 3287 1810 3325 &
1827 3281 1975 3325 infesta
1994 3281 2071 3321 de-

1142 3344 1321 3385 claratur
1338 3371 1351 3391 ,
1370 3355 1415 3383 ut
1430 3339 1706 3385 consentanee
1723 3342 1774 3383 ad
1790 3342 1938 3383 dietam
1956 3344 2075 3384 Con-

1140 3403 1327 3446 ciliarem
1356 3399 1666 3459 dispositionem
1688 3402 1966 3444 communiter
1991 3399 2071 3439 do-

1606 3462 1638 3503 L
1654 3461 1699 3502 ll
1895 3469 2069 3500 cuerunt
