2430 3776
348 150 1013 237 'De-Jurepatronatus
1030 135 1293 216 Pan-Vl.
1318 153 1477 216 Can.
1507 154 1613 218 IX.
1912 165 2047 243 267

36 255 255 311 veneficia
267 255 323 303 'de
342 259 633 313 juteretinere
652 267 918 315 nequeuntes
933 287 947 307 ‚
965 259 1113 302 alteris
1126 260 1201 302 illa
1216 259 1478 316 relignabant
1492 276 1584 305 cum
1604 267 1723 318 paeto
1740 292 1754 313 ,
1770 269 1809 308 &
1824 252 2043 311 conditio-

35 336 100 368 ·ne
113 353 128 374 ³
159 326 350 366 obtenta·
364 320 503 377 postea
540 315 851 373 dispensatione
886 320 941 360 ab
956 318 1271 377 irregularitate
1285 349 1300 369 ‚
1325 322 1470 363 eadem
1485 322 1690 365 beneficia
1708 325 1759 366 ab
1773 327 1833 367 eis
1850 335 2046 382 repeten-

34 386 96 428 »di
111 415 123 426 .
147 386 344 440 Plerique
359 377 608 423 beneficium
627 377 959 434 quomodolibet
980 379 1260 437 refignabant‚
1276 392 1322 422 ut
1334 380 1516 437 sibiipsis
1533 385 1675 437 postea
1689 385 1924 427 restituatur
1940 416 1954 436 ‚
1971 388 2044 430 vel

0 479 1 494 ,
41 447 90 487 nei
107 473 122 494 ‚
142 457 266 501 quem
284 438 355 496 ipsi
369 439 678 481 nominaverint
697 438 949 484 {Nonnulli
968 439 1221 482 beneficium
1236 453 1387 489 vacans
1403 441 1683 497 impetrabant
1697 470 1711 490 ‚
1745 456 1799 485 eo
1816 447 1935 499 pasto
1951 475 1963 494 ,
1997 459 2044 489 ut

0 498 2 574 f
19 530 25 533 <
42 504 192 562 postea
207 502 260 544 ad
276 501 516 556 mandatum
532 497 710 548 alicujus
729 497 838 540 illud
854 498 1063 541 ‘dimissuri
1084 499 1162 542 fint
1177 528 1191 549 ‚
1206 512 1252 542 ut
1265 499 1387 542 alteri
1402 499 1646 542 conferatur
1660 530 1671 541 .
1690 503 1900 545 Nonnulli
1920 518 2043 547 acce-

39 564 229 620 ⁴peribant
247 557 497 602 beneficium
512 569 609 606 ,aut
627 558 679 599 ad
695 557 802 600 illud
822 557 1175 616 praesentabantur
1191 560 1215 602 ὲ
1231 561 1425 603 Patronis
1442 573 1534 602 cum
1553 565 1671 616 pacto
1686 590 1699 609 ,
1714 565 1752 604 &
1769 563 2039 612 conditione,

53 634 100 664 ut
110 620 281 680 quando
301 619 413 662 filius
426 618 596 661 Patroni
616 632 751 675 puer,
779 623 820 662 &
842 618 979 662 infans
997 621 1236 662 adoleverit
1253 649 1267 668 ,
1292 620 1389 662 huic
1405 621 1545 676 postea
1563 621 1772 676 resignent
1787 638 1798 667 ;
1832 623 2046 665 Nonnulli

38 677 732 740 procurabantalieri-beneficium
748 708 762 729 ‚
789 691 835 721 ut
850 679 999 735 poffint
1031 680 1296 735 postmodum
1314 680 1367 722 de
1382 680 1459 722 illo
1475 681 1528 722 ad
1547 678 1606 722 sui
1623 680 1790 722 libitum
1806 679 2044 737 disponere.

2 733 5 798 ξ
38 741 142 784 unffi
165 755 217 784 ex
242 740 580 799 privilegionon
598 740 780 795 obligati
806 739 858 780 ad
874 738 1120 782 solvendam
1150 739 1467 796 expeditionem
1493 741 1702 783 Bullarum
1730 742 1948 790 Camerae‚
1974 743 2044 785 vel

2 801 7 894 ἲ
42 801 328 845 cancellariae
340 798 552 842 faciebant
573 801 762 856 expediri
780 800 920 841 Bullas
935 798 1008 842 sub
1026 801 1196 845 nomine
1210 798 1284 842 suo
1301 829 1314 849 ,
1341 813 1389 842 ut
1402 801 1614 842 evitentur
1629 801 1745 842 diecae
1762 798 1946 857 expensae
1966 816 2044 858 pro

0 886 1 899 i
41 856 167 910 vilio»,
192 862 324 919 quiin
340 861 596 903 rei.veritate
616 861 673 902 est
687 858 852 902 futurus
867 857 1064 916 possessor
1077 859 1298 902 beneficii.
1335 861 1422 903 Alii
1437 861 1489 903 ad
1506 858 1694 903 effectum
1707 859 1980 904 defendendae
1998 862 2048 902 li-

0 917 1 923 ’
39 911 113 975 1ῧεῐε
125 920 245 978 super
263 919 474 964 beneficio
489 919 749 976 resignabant
765 920 871 961 illud
889 920 1013 962 alicui
1030 916 1218 961 Personae
1233 921 1423 969 Potenti,
1438 932 1484 962 ut
1497 921 1675 963 obtenta
1691 922 1864 964 victoria
1882 922 1969 965 litis
1986 922 2050 963 al-

35 983 138 1024 ÷·t-eri
152 981 394 1025 conferatur
409 1009 423 1030 ‚
435 978 715 1038 &resignetur
728 1008 743 1028 ‚
759 991 829 1022 aut
841 979 912 1022 fibi
929 980 1165 1022 restituatur
1185 996 1196 1025 ς
1223 981 1311 1022 Alii
1326 978 1442 1023 senes
1459 1009 1472 1029 ,
1489 981 1556 1023 vel
1571 979 1722 1024 infirmi
1740 1011 1754 1031 ‚
1781 994 1825 1023 ut
1844 981 2050 1024 beneficia

43 1034 100 1084 *in
117 1042 314 1084 domibus
330 1040 411 1082 suis
424 1054 752 1097 perpetuentur,
782 1039 855 1082 illa
870 1039 1165 1081 renuntiabant
1180 1040 1223 1080 in
1239 1041 1345 1082 alios
1365 1069 1378 1088 ,
1407 1054 1498 1081 cum
1515 1043 1634 1096 paeto
1669 1041 1736 1084 vel
1754 1041 1969 1098 profanam
1988 1041 2051 1083 fa-

49 1101 216 1144 miliam
240 1101 480 1143 cedentium
511 1101 564 1142 de
581 1099 781 1143 fructibus
799 1099 1092 1142 Ecclefiasticis
1111 1099 1252 1140 alendi
1267 1127 1280 1146 ,
1314 1101 1383 1141 vel
1413 1100 1482 1141 illa
1499 1128 1512 1147 ‚
1541 1102 1666 1143 etiam
1683 1115 1779 1143 num
1804 1101 2052 1150 infantibus,

29 1166 129 1213 {aut
151 1159 366 1203 nascituris
381 1159 609 1203 asservandi
624 1192 636 1203 .
671 1162 781 1201 Hinc
795 1160 973 1215 proinde
997 1159 1050 1201 ad
1067 1159 1291 1200 arcendum
1314 1159 1365 1200 ab
1379 1159 1561 1200 Ecclesia
1580 1161 1691 1208 Dei,
1715 1160 1823 1203 adeo
1838 1163 2052 1217 pernicio-

41 1213 142 1265 &um
157 1222 339 1269 crimen,
371 1221 422 1263 ne
436 1220 640 1263 beneficia
658 1219 937 1262 Ecclesiastica
954 1219 1139 1274 indignis
1151 1219 1440 1260 concedantur
1460 1246 1474 1268 ,
1504 1219 1554 1260 ne
1570 1220 1723 1261 dentur
1735 1234 1809 1275 pet
1827 1220 2049 1262 haeredita-
2092 1244 2095 1249 <

42 1279 478 1329 “riam-succeffionem
497 1285 534 1322 &
552 1281 602 1322 ne
617 1282 734 1336 plura
752 1282 821 1321 uni
833 1280 985 1323 dentur
1000 1309 1014 1328 ,
1033 1279 1128 1320 Pius
1148 1279 1219 1320 1V.
1238 1279 1280 1319 in
1298 1278 1379 1320 hoc
1396 1282 1550 1319 canone
1563 1307 1575 1327 ,
1591 1280 1853 1321 Austoritate
1869 1281 2056 1335 Aposto-

53 1341 143 1384 {ica
158 1342 373 1398 prohibuit
391 1341 689 1384 cardinalibus
705 1368 719 1388 ‚
752 1336 927 1396 aliisque
943 1339 1132 1382 Praelatis
1159 1339 1348 1393 recipere
1366 1336 1572 1380 beneficia
1598 1339 1640 1381 in
1657 1337 1953 1382 confidentiam
1980 1341 2055 1380 in.»

47 1402 218 1446 ’virtute
232 1401 273 1442 S.
290 1400 556 1442 Obedientiae
571 1428 584 1449 ,
603 1404 642 1442 &
657 1398 729 1440 sub
748 1412 874 1455 poena
890 1399 1104 1441 interdicti
1120 1399 1318 1455 ingressus
1334 1398 1524 1441 Ecclefiae
1539 1427 1552 1446 ,
1569 1400 1742 1456 reliquis
1756 1401 1858 1442 vero
1873 1397 1946 1440 sub
1964 1414 2058 1455 poe-

43 1467 113 1504 ma
126 1460 574 1504 excommunicationis
594 1460 686 1501 latae
709 1457 920 1501 sententiae
940 1477 952 1505 ;
982 1459 1215 1501 declaravit
1252 1459 1388 1500 nullas
1408 1458 1662 1500 collationes
1680 1489 1693 1508 ‚
1725 1462 1766 1501 δε
1793 1457 2055 1515 provisiones

59 1535 205 1577 ornnes
237 1518 540 1562 beneficiorum
554 1549 566 1568 ‚
598 1521 725 1561 etiam
753 1518 804 1560 ad
826 1521 1104 1561 Patronorum
1138 1515 1499 1574 praesentationem
1527 1517 1653 1560 factas
1693 1532 1786 1560 cum
1809 1519 2054 1562 interventu

48 1579 328 1625 confidentiae
348 1596 360 1626 ς
390 1594 436 1623 ac
455 1578 619 1635 insuper
634 1579 823 1621 decrevit
845 1577 1050 1621 beneficia
1067 1580 1107 1620 in
1127 1576 1385 1620 confidentia
1403 1579 1540 1620 modis
1561 1577 1679 1634 supra
1705 1579 1924 1633 explicatis
1939 1592 2060 1621 rece-

59 1654 132 1698 pta
146 1671 159 1690 ‚
176 1641 257 1683 sive
275 1642 422 1688 libera,
442 1638 522 1681 five
539 1638 776 1682 Patronalia
793 1642 914 1680 etiam
931 1640 1151 1680 Laicorum
1164 1651 1235 1686 ‚ac
1249 1635 1517 1680 Personarum
1535 1639 1696 1680 nobiliu
1709 1653 1764 1686 m,
1782 1643 1820 1681 ὅ(
1841 1638 2061 1681 illustrium

56 1698 156 1757 ipso
173 1701 263 1753 jure
287 1714 434 1743 vacare
451 1699 474 1741 a
490 1700 558 1741 die
577 1699 831 1755 receptionis
847 1727 860 1746 ,
893 1704 932 1741 &
962 1696 1040 1739 esse
1057 1698 1158 1738 Sedi
1173 1698 1428 1751 Apostolicae
1453 1695 1660 1739 reservata
1680 1728 1690 1739 .
1713 1702 1814 1755 Qae
1832 1710 1970 1741 tamen
1986 1712 2055 1741 re-

58 1757 240 1804 servatio
259 1760 398 1802 locum
426 1773 510 1801 non
541 1760 668 1801 habet
690 1760 730 1800 in
747 1757 912 1804 Gallia;
943 1757 1146 1814 siquidem
1174 1758 1216 1798 in
1231 1757 1380 1814 Regno
1398 1759 1547 1800 Galliae
1572 1757 1777 1800 beneficia
1793 1759 2058 1800 Patronalia,

60 1832 145 1863 tam
163 1821 442 1868 Privatorum‚
465 1819 589 1876 quarn
606 1819 731 1874 Regis
746 1832 796 1860 ex
813 1818 894 1860 hoc
910 1819 1083 1860 crimine
1098 1815 1364 1859 confidentiae
1377 1819 1582 1866 vacantIa,
1602 1818 1862 1861 conferenda
1877 1817 1968 1860 sunt
1984 1831 2059 1875 per

61 1880 313 1922 Ordinarios
332 1880 384 1921 ad
405 1876 767 1935 praesentationem
786 1879 1063 1919 patronorum
1079 1906 1093 1925 ‚
1118 1876 1350 1918 dummodo
1364 1878 1426 1918 isti
1441 1879 1482 1918 in
1497 1876 1734 1929 hujusmodi
1754 1879 1926 1921 crimine
1945 1892 2062 1920 nom

59 1938 218 1983 fuerint
234 1941 468 1996 participes
486 1967 500 1987 ,
516 1950 586 1980 aut
602 1939 654 1980 ad
665 1936 1028 1995 praesentationem
1046 1937 1233 1990 ejusdem
1250 1936 1378 1992 Regis
1397 1950 1447 1978 ex
1465 1934 1632 1992 speciali
1645 1938 1948 1980 constitutione
1968 1939 2062 1980 Six-

62 2060 107 2101 di
122 2061 346 2113 adpraesens
365 2060 560 2100 vacantia
578 2086 591 2107 ‚
613 2057 662 2102 ὢ·
676 2058 717 2098 in
725 2057 916 2112 posterum
935 2068 1135 2099 vacatura
1161 2058 1210 2098 ab
1231 2057 1392 2110 ipsorum
1410 2057 1679 2112 beneficiorum
1694 2058 1923 2099 ordinariis
1939 2058 2063 2101 Colla·-

60 2121 212 2162 toribus
226 2147 240 2167 ‚
261 2119 422 2174 perinde
440 2122 536 2174 acsi
546 2118 778 2174 dispositioni
792 2117 904 2159 dieta
919 2117 1028 2160 Sedis
1047 2116 1260 2172 Apostolicae
1273 2117 1428 2158 minime
1444 2117 1825 2176 rest-rvatafutffent
1840 2118 1959 2160 libere
1974 2131 2063 2159 con-

48 2177 163 2234 ferri
180 2207 195 2228 ,
209 2178 258 2222 ὰ
275 2179 324 2219 de
339 2179 417 2220 illis
430 2179 640 2233 provideri
653 2178 753 2236 pff
769 2205 782 2225 ,
797 2178 845 2221 &
861 2179 995 2220 debere
1010 2177 1250 2218 decernimus
1261 2205 1274 2225 ‚
1303 2177 1392 2217 dum
1412 2189 1543 2219 tamen
1557 2178 1701 2218 talium
1716 2178 1919 2218 criminum
1927 2178 2063 2232 parti-

64 2239 165 2294 cipes
178 2267 192 2288 ,
211 2250 285 2281 aut
303 2239 576 2290 consentientes
593 2251 665 2279 non
669 2237 830 2291 fuerint
845 2268 856 2279 .
885 2241 978 2298 Qo
996 2237 1084 2290 caste
1096 2265 1109 2285 ‚
1129 2250 1175 2277 ac
1191 2235 1311 2278 etiam
1324 2236 1392 2278 ubi
1409 2237 1526 2278 iidem
1542 2237 1749 2278 Ordinarii
1760 2238 1974 2279 Collatores
1984 2250 2058 2292 per

50 2299 135 2354 [εκ
149 2299 289 2351 menses
301 2298 327 2338 ci
343 2298 404 2338 die
421 2298 577 2340 detec‘lae
595 2327 608 2346 ‚
622 2298 670 2340 (θ’
687 2297 935 2351 comprobata
947 2325 960 2345 ,
976 2298 1051 2349 seu
1061 2297 1248 2338 convietae
1263 2296 1498 2351 confidentiae
1513 2297 1696 2349 beneficia
1710 2297 1792 2352 ipsa
1811 2326 1824 2346 ,
1847 2310 1890 2340 ut
1899 2297 2067 2353 prafer-

63 2370 134 2402 tur
148 2357 342 2399 vacantia
362 2386 375 2405 ,
395 2358 570 2398 canonic?
583 2357 756 2412 conferre
772 2386 785 2405 ,
807 2357 856 2400 &⁴
872 2358 918 2398 de
934 2357 1014 2398 illis
1025 2357 1240 2411 providere
1256 2356 1508 2414 neglexerint
1522 2385 1535 2405 ‚
1552 2357 1821 2413 beneficiorum
1835 2359 2060 2399 eorumdem

66 2418 219 2461 collatio
233 2447 247 2467 ‚
262 2417 492 2471 &provisio
511 2419 566 2459 ad
573 2417 779 2472 proximos
797 2415 1020 2471 Superiores
1033 2418 1281 2458 devolvatur
1296 2446 1307 2457 .
1333 2420 1435 2478 Qae
1452 2416 1549 2458 verb
1563 2417 1746 2471 beneficia
1767 2418 1814 2458 de
1825 2420 2060 2472 jurepatro-

0 2478 1 2483 ’
67 2489 184 2521 natus
202 2478 388 2520 laicorum
390 2477 551 2530 fuerint
569 2506 582 2526 ‚
609 2479 665 2518 ad
682 2478 898 2518 eorumdem
914 2481 1175 2519 Patronorum
1186 2477 1523 2531 praefintationem
1536 2505 1549 2525 ‚
1582 2477 1782 2517 dummodo
1805 2478 1846 2518 in
1860 2477 2063 2520 crimino

69 2537 281 2591 hujusmodi
290 2551 363 2578 non
361 2537 519 2591 fuerint
532 2537 748 2593 participes
759 2536 926 2590 conferri
943 2565 954 2577 .
974 2541 1036 2578 De
1054 2536 1230 2591 Ecclestis
1250 2536 1347 2578 vero
1362 2564 1375 2584 ‚
1411 2550 1458 2577 ac
1470 2535 1725 2587 Monasteriis
1739 2565 1752 2585 ‚
1775 2537 1937 2591 aliisque
1955 2538 2068 2578 bene-

57 2597 170 2653 ficiis
185 2596 450 2652 Ecclesiasticis
462 2626 475 2646 ‚
503 2599 559 2638 ad
570 2596 782 2653 Charifflmi
794 2596 836 2636 in
855 2596 1003 2648 christo
1006 2596 1094 2652 filii
1106 2595 1225 2648 nostri
1243 2596 1406 2637 Henrici
1425 2595 1552 2638 Tertii
1569 2597 1803 2637 Francorum
1820 2597 1937 2652 Regis
1951 2594 2068 2638 Chri-

55 2655 273 2713 stianiffi'mi
287 2657 588 2701 nominationem
591 2656 864 2710 spellantibus
881 2685 894 2705 ‚
926 2671 1074 2698 novam
1103 2657 1218 2713 ipstus
1234 2656 1352 2712 Regis
1371 2655 1670 2696 nominationem
1679 2658 1807 2708 juxta
1821 2657 2066 2704 concordata,

60 2717 136 2771 stu
147 2716 300 2757 indulta
318 2717 344 2756 ιὶ
357 2718 448 2758 Sede
467 2715 671 2771 Apostolica
684 2717 719 2757 ei
735 2717 899 2775 conceſja
915 2717 1098 2758 volumus
1113 2716 1324 2771 expeHari
1342 2731 1383 2761 ,,·-,,·

75 2774 196 2818 Hanc
217 2777 406 2818 eamdem
419 2777 480 2818 Pii
497 2776 570 2819 lv.
591 2774 900 2833 dispositionem
922 2775 1186 2819 confirmavit
1202 2778 1255 2818 D.
1271 2777 1366 2816 Pius
1379 2776 1430 2817 V.
1449 2776 1490 2817 in
1506 2776 1593 2827 ejus
1611 2775 1928 2818 Constitutione
1943 2775 1981 2817 la
2000 2775 2071 2824 85.
2102 2782 2204 2828 Am,

72 2836 129 2878 de
148 2849 230 2894 qua
245 2835 346 2877 Bull.
363 2839 474 2877 Rom.
490 2850 585 2877 nov.
599 2849 694 2879 torn.
714 2850 751 2876 2.
769 2851 816 2878 ac
835 2838 961 2879 etiam
982 2838 1183 2880 indicavit
1203 2836 1357 2878 modos
1374 2836 1586 2891 probandi
1603 2833 1840 2888 hujusmodi
1854 2834 2074 2877 considen-

71 2897 140 2939 tia
160 2896 317 2938 crimen
333 2924 347 2944 ‚
382 2909 506 2953 quam
526 2897 579 2938 ad
597 2897 943 2939 commoditatem
962 2909 1105 2939 eorum
1120 2927 1134 2947 ,
1168 2897 1241 2954 qui
1266 2910 1356 2938 eam
1374 2908 1455 2952 prae
1473 2897 1662 2937 manibus
1684 2909 1766 2938 non
1786 2896 1943 2937 habent
1959 2924 1972 2945 ,
2001 2894 2072 2937 hic

74 2966 201 3011 prout
214 2955 325 3007 jacet
336 2983 349 3003 ,
368 2955 467 2997 duxi
482 2954 738 2999 referendam
752 2985 764 3005 ,
782 2957 839 2999 ibi
860 2970 901 3001 ::
919 2956 1132 2999 Intolerabi
1138 2958 1187 2998 lis
1202 2956 1286 2999 &a
1312 2957 1456 3014 ‚Quare
1469 2970 1536 2997 nos
1557 2956 1734 2996 volentes
1742 2955 1994 3010 periculosam
2007 2965 2075 2996 ta-

77 3013 175 3056 lium
189 3015 395 3056 audaciam
406 3017 504 3056 novi
512 3017 619 3068 juris
618 3017 788 3073 subsidio
804 3016 974 3058 cohibere
987 3044 1000 3065 ,
1010 3018 1175 3071 praesent
1184 3017 1263 3057 ium
1277 3015 1519 3057 auctoritate
1519 3016 1739 3068 statuimus
1754 3044 1765 3055 .

65 3077 126 3132 θῇ
137 3074 225 3131 quis
238 3089 475 3133 quacamque
492 3078 732 3118 auctoritate
745 3077 952 3131 Ecclesiam
968 3104 982 3124 ‚
1015 3077 1087 3118 vel
1098 3076 1381 3128 Monasterium
1396 3103 1410 3123 ,
1441 3087 1512 3118 aut
1523 3076 1636 3117 aliud
1649 3075 1880 3130 Beneficium
1895 3075 2077 3129 Ecclesia-

3 3183 8 3191 .
42 3164 44 3170 ·
67 3132 206 3187 sticum
242 3135 521 3192 qualecumque
550 3148 604 3192 ex
635 3137 891 3193 resignatione
915 3153 926 3183 ς
949 3136 1022 3176 vel
1044 3137 1190 3194 ceffione
1217 3137 1481 3191 cujuscumque
1501 3136 1670 3187 Personae
1688 3164 1700 3183 ‚
1716 3135 1948 3190 simpliciter
1963 3165 1975 3184 ,
2003 3146 2074 3177 aut

0 3196 10 3224 ¹
41 3187 50 3238 l
77 3194 336 3236 eamcircuitu
355 3194 630 3253 retrocefflonis
642 3225 656 3245 ‚
686 3210 771 3237 cum
789 3197 963 3254 regreffu
983 3224 996 3244 ,
1010 3197 1081 3237 vel
1090 3197 1232 3255 acceffi⁴
1248 3225 1261 3246 ,
1293 3195 1507 3247 etiamsola
1527 3195 1768 3236 dimittentis
1786 3195 1999 3238 intentione
2011 3209 2077 3235 re-

81 3253 226 3307 ceperit
246 3282 260 3303 ,
274 3266 318 3297 ut
333 3254 402 3295 illa
419 3283 432 3303 ‚
452 3257 522 3296 vel
535 3255 635 3296 iliud
644 3256 766 3298 etiam
785 3255 826 3296 in
844 3266 1030 3298 eventum
1040 3257 1228 3315 regreffus
1245 3285 1258 3304 ‚
1273 3256 1346 3297 vel
1358 3255 1520 3311 acceffies
1532 3283 1546 3304 ,
1563 3255 1686 3295 eidem
1701 3254 1960 3297 dimittantur
1979 3284 1992 3304 ,
2007 3254 2080 3296 vel

82 3312 202 3353 alteri
207 3313 335 3366 postea
354 3316 576 3369 conferatur
591 3342 604 3363 ‚
639 3327 708 3357 aut
725 3315 999 3369 illiusflue‘i'us
1013 3344 1027 3364 ‚
1057 3316 1127 3357 vel
1135 3331 1265 3357 eorum
1270 3327 1369 3368 pars
1385 3315 1458 3354 alii
1472 3342 1485 3362 ,
1510 3315 1583 3356 vel
1595 3315 1685 3356 aliis
1705 3316 1962 3357 concedantur
1979 3343 1992 3364 ‚
2009 3313 2081 3355 vel

12 3372 15 3375 ’
45 3342 488 3539 }penfionesfhlvantur
503 3389 556 3417 ex
568 3375 709 3428 eisdem
724 3403 739 3423 ,
752 3376 826 3416 baec
836 3375 1068 3430 confidentia
1087 3377 1285 3429 censeatur
1301 3404 1312 3415 .

0 3437 41 3468 Μ
55 3430 59 3434 ’
72 3428 459 3533 idessstotrr‘iiwm
474 3462 489 3486 ,
505 3435 575 3477 vel
583 3435 685 3478 alius
704 3436 877 3479 Collator
893 3435 1099 3480 contulerit
1116 3447 1209 3478 ante
1226 3436 1297 3477 hac
1311 3462 1325 3485 ,
1341 3445 1412 3478 aut
1435 3433 1614 3489 conferat
1628 3434 1673 3538 ir}
1682 3435 1871 3488 futurum
1890 3462 1904 3483 ,
1931 3431 2082 3496 Benefi-

0 3498 19 3527 i·
174 3503 242 3531 ars
306 3520 318 3532 .
1196 3495 1206 3499 ”
1609 3496 1641 3539 L
1708 3508 1727 3535 2
1985 3502 2085 3530 ctum

51 3572 55 3607 l

57 2001 96 2042 ti
110 2003 160 2042 V.
180 2001 219 2040 la
237 2004 308 2040 61.
325 2004 364 2047 §.
381 2010 420 2048 5.
438 1999 541 2040 Bull.
559 2003 771 2041 Rom-nov.
789 2009 880 2040 tom.
898 2012 935 2038 2.
955 1998 1013 2040 ibi
1031 2011 1073 2044 ‚.·-:
1094 1995 1288 2052 Beneficia
1304 1997 1403 2039 vero
1423 1998 1605 2051 occasione
1622 1998 1858 2053 confidentia
1868 1999 2061 2052 hujusmo-
2091 2014 2206 2059 Ann-

2223 2013 2362 2068 ι1587.

2208 2813 2218 2824 .
2240 2788 2365 2837 1569.
