2392 3736
595 120 696 189 De
708 116 1224 216 Jurepatronatus
1248 125 1378 188 Par.
1403 128 1464 188 V
1480 129 1522 191 Ι.

107 239 189 291 elia
204 235 504 293 compostellana
520 234 803 277 parochialium
835 248 899 286 13.
918 240 1039 276 Mar..

105 299 159 343 tii
176 312 192 340 1
202 312 225 349 7
237 313 252 338 1
261 304 301 340 6.
315 303 356 346 S.
370 299 430 338 De
443 295 577 339 unione
607 309 737 337 coram
749 296 1037 351 Reverendiffi-

105 375 165 402 mo
180 364 223 400 P.
243 362 297 399 D.
312 373 390 399 meo
406 355 568 409 Ansaldo
585 359 740 397 Decano
751 382 766 404 ‚
797 353 847 397 ὑ
876 367 914 404 5.
928 355 1038 405 Maji

109 430 162 470 17
172 430 238 468 17.
254 422 292 465 §-
305 422 467 459 Demum
484 429 614 455 coram
628 417 779 456 R.P.D.
793 429 872 455 meo
887 414 1033 468 Crispo.

163 475 332 532 Insuper
348 472 522 530 idipsum
543 475 820 517 convincebat
853 474 1034 516 nedum)

104 533 331 579 reservatio
357 534 458 586 juris
488 534 741 590 percipiendi
774 534 958 576 decimas
990 536 1031 575 in

104 595 380 637 circumdatio
396 593 579 635 Ecclefiae
604 595 867 649 deJemeppe
882 622 894 641 ‚
929 594 1033 634 alia-

106 664 189 712 que
204 657 256 696 ab
271 653 381 695 istius
396 653 659 695 parochianis
677 653 864 694 Ecclesiae
877 653 1031 712 *Matri-

105 716 144 756 ci
158 714 267 756 tradi
279 712 397 756 solita
415 727 491 769 pro
506 713 713 760 luminari,
725 725 770 754 ut
782 713 834 754 ad
850 725 1031 768 arguen-

104 773 197 815 dam
215 772 471 815 refidentiam
491 785 595 814 curae
610 773 834 814 habitualis
847 800 860 819 ,
890 787 936 813 ac
951 787 1030 829 po-

101 834 191 890 puli
204 830 498 887 subjectionem
514 833 678 875 notavit
703 837 804 875 Rota
819 833 860 872 in
875 831 1030 873 Tarra-

25 892 26 896 ’
102 907 231 935 conen.
246 891 482 935 Parochialis
498 892 543 932 de
559 891 775 935 Vimbodino
796 906 812 932 1
824 904 861 942 ς.
872 894 1030 952 Janua-

105 952 160 994 rii
179 957 304 1004 1706.
320 952 478 1006 §.final.
491 965 569 992 cor.
586 952 905 1008 Reverendtffimo
923 957 966 992 Ρ.
978 955 1029 993 D.

106 1025 188 1054 meo
203 1013 369 1065 Ansaldo
382 1017 537 1054 Decano
553 1039 566 1059 ,
597 1012 646 1054 έν
678 1012 719 1052 in
731 1011 1028 1065 Compostellana

25 1051 27 1057 ,
104 1072 391 1113 Parocbialium
410 1084 427 1111 1
437 1083 476 1122 3.
490 1071 640 1112 Martii
659 1085 674 1111 1
684 1084 708 1122 7
719 1084 735 1111 1
745 1075 784 1110 6.
797 1076 836 1118 §.
852 1070 1027 1126 Augeba-

101 1140 170 1172 tur
181 1145 262 1172 cor.
278 1132 406 1172 eodem
419 1158 433 1179 ‚
445 1129 496 1174 ό*
514 1142 530 1169 1
542 1142 579 1179 5.
594 1130 741 1172 Martii
759 1144 774 1170 1
784 1144 807 1180 7
818 1144 882 1181 ¹7·
900 1135 937 1177 §-
949 1133 1029 1170 De-

100 1205 204 1232 mum
230 1205 361 1231 coram
376 1194 424 1232 R.
440 1194 484 1232 Ρ.
498 1195 550 1232 D.
565 1203 645 1231 meo
660 1190 787 1244 Crispo
803 1220 814 1231 .
847 1189 1028 1231 Verum)

101 1251 227 1292 etiam
242 1247 504 1306 praeservatio
514 1249 613 1300 juris
629 1250 896 1291 Matricitatis
911 1277 923 1296 ,
951 1263 1026 1290 ex-

86 1310 246 1365 ,plicite
255 1313 296 1352 in
311 1309 460 1351 eodem
477 1308 750 1351 Instrumento
762 1306 1026 1350 dismembra-

97 1370 227 1412 tionis
243 1369 398 1422 adjecta
415 1368 457 1408 in
473 1368 538 1410 his
553 1369 691 1410 verbis
710 1369 882 1413 :Salvo
895 1380 1027 1409 tamen

90 1428 183 1480 jure
197 1427 385 1471 Matricis
399 1427 565 1482 Ecclesiae
579 1456 594 1476 ‚
625 1441 709 1483 quae
715 1428 869 1480 scilicet
887 1431 1028 1468 Mater

96 1487 257 1541 Ecclesta
273 1487 316 1526 in
323 1485 457 1542 filiam
469 1487 607 1528 babere
619 1488 839 1539 consuevit.
872 1491 929 1530 Ex
948 1489 1024 1528 hac

95 1547 205 1591 enim
224 1544 540 1602 praeservatione
557 1546 691 1596 junsta
710 1561 803 1589 cum
820 1547 1024 1604 qualitate

95 1603 469 1650 dismembrationis
487 1606 608 1648 unice
620 1607 795 1663 expletae
807 1607 858 1648 ad
876 1620 1025 1648 occur-

89 1666 264 1709 rendum
304 1668 652 1709 Parochianorum
682 1666 904 1708 neceffitati
920 1694 934 1714 ‚
982 1669 1021 1709 &

89 1740 183 1770 cum
199 1723 482 1768 reservatione
514 1725 615 1776 juris
631 1726 888 1782 percipiendi
903 1725 1021 1767 deci-

87 1799 194 1833 mas,
210 1799 257 1827 ac
270 1785 351 1827 alia
370 1783 556 1828 Ecclefiae
570 1786 735 1828 Matrici
754 1800 829 1841 pro
845 1786 1023 1828 lumina-

87 1845 123 1888 ri
134 1842 275 1887 offerri
289 1843 428 1893 solita,
442 1858 606 1887 necnon
620 1846 742 1887 etiam
757 1845 896 1896 ᾖιιηόὶο
915 1859 1023 1887 one-

83 1919 129 1948 re
160 1904 372 1960 praestandi
401 1918 627 1961 congruam
642 1906 811 1947 Vicario
838 1903 1022 1955 ejusdcm

85 1963 277 2007 Eccleiiae
309 1965 362 2007 de
384 1966 587 2021 Jemeppe
620 1966 729 2006 reste
760 1966 1023 2007 convincitur

87 2023 214 2066 Ωιι-ἀει
231 2053 244 2073 ,
272 2026 466 2082 teet-aque
481 2025 610 2080 penes
627 2023 846 2067 Ecclesiam
878 2025 931 2066 de
948 2024 1025 2066 Se-

87 2086 234 2140 raingh
262 2081 486 2125 remanfiffe
514 2097 596 2125 non
616 2081 702 2125 sola
715 2084 803 2135 jura
822 2082 1024 2127 honorifi-

87 2158 151 2192 ca,
164 2148 205 2187 &
221 2144 587 2199 praeeminentialia
603 2145 644 2184 in
662 2143 907 2199 peragendis
928 2142 1024 2196 fun-

88 2205 298 2247 &ionibus
313 2202 669 2250 Ecclesiasticis,ut
685 2204 898 2259 perperam
913 2199 1022 2246 Scri—

89 2263 242 2305 bentes
273 2277 348 2318 pro
377 2263 608 2306 Theodoro
634 2262 835 2306 insinuare
866 2260 1024 2318 satage-

89 2320 278 2371 bant,sed
293 2322 460 2379 quidem
473 2334 620 2364 caetera
633 2323 770 2366 omnia
783 2322 870 2372 jura
882 2323 1026 2364 Eccle-

90 2381 151 2427 fiae
166 2383 333 2424 Matrici
368 2383 408 2423 in
425 2380 591 2424 filialem
610 2381 828 2424 Ecclesiam
853 2396 1024 2439 compe·

90 2445 222 2487 tentia
238 2471 250 2487 .
278 2445 316 2484 &
338 2442 541 2498 praecipue
553 2442 618 2494 jus
635 2442 875 2484 nominandi
894 2444 935 2483 in
951 2455 1024 2484 ea)

94 2501 384 2549 Sacerdotem,
401 2515 564 2543 necnon
578 2501 768 2550 totalem,
782 2501 1025 2557 plenariam·-

97 2571 179 2620 que
194 2562 305 2604 illius
322 2559 618 2612 subjectionem
635 2589 648 2609 ‚
664 2566 702 2603 &
720 2559 1024 2619 consequenter

96 2634 236 2664 veram
249 2649 261 2668 ,
289 2622 550 2676 propriamve
579 2621 876 2662 Matricitatem
903 2634 1026 2663 ‘cuma

97 2681 223 2736 plena
263 2693 368 2722 curae
399 2681 620 2723 habitualis
653 2682 903 2736 pertinentia
918 2709 931 2729 ,
972 2681 1025 2722 ad

98 2740 222 2782 Text.
235 2738 276 2778 in
291 2752 375 2792 cap.
389 2741 444 2780 ad
456 2741 698 2781 audientiam
714 2769 727 2789 ,
758 2740 887 2795 ibique
912 2739 1027 2798 Gloffi

101 2802 212 2842 verb.
231 2798 406 2840 RecJoris
417 2800 463 2840 de
477 2801 611 2852 Ecclesl
623 2800 723 2854 aedifi
740 2804 887 2841 Azzor.
905 2799 1028 2850 Instit.

101 2859 242 2903 moral.
252 2871 347 2913 par.
363 2871 401 2897 2.
416 2858 525 2910 lib.9.
540 2873 622 2914 cap.
628 2874 665 2912 3.
683 2860 804 2915 infin.
822 2859 971 2916 Rebuffi
985 2861 1032 2901 de

101 2919 254 2965 Derim.
283 2917 421 2974 quest.
439 2923 482 2960 6.
496 2934 598 2961 num.
616 2933 659 2970 7.
688 2922 807 2961 Card.
825 2922 871 2960 de
886 2925 972 2962 Luc.
988 2920 1034 2960 de

101 2979 251 3030 Decim.
266 2979 357 3030 disc.
382 2990 399 3018 1
411 2991 428 3017 2
438 2979 525 3031 .sub
538 2994 640 3021 num,
659 2993 674 3020 1
685 2993 724 3031 3.
741 2981 845 3034 very:
860 2982 900 3022 ‘I'
895 2980 1036 3021 ertia..

103 3041 275 3092 demum,
293 3043 381 3080 Rot.
395 3039 508 3091 decis.
525 3052 619 3088 ²04·
637 3054 740 3081 num.
767 3053 801 3081 1.
814 3052 890 3094 par
910 3052 974 3089 17.
989 3038 1038 3083 ὁ·

101 3099 214 3155 dei-iſs
231 3111 270 3149 7.
282 3113 387 3140 num.
404 3112 442 3149 7.
479 3100 678 3155 cumseqq.
687 3112 780 3154 par.
802 3101 865 3141 18.
897 3112 988 3141 tom.
1003 3112 1039 3140 1.

103 3171 250 3203 recent.
270 3159 323 3203 Et
337 3159 443 3201 bene
462 3158 751 3212 distinguendo
768 3161 878 3202 inter
895 3159 1039 3201 Matri-

105 3220 277 3269 eitatcm
294 3219 558 3275 impropriam
577 3215 839 3261 sufficientem
857 3234 934 3275 pro
953 3217 1039 3262 sola

105 3279 450 3336 praeeminentiali
469 3276 815 3326 honorificentia,
833 3283 874 3322 δι
891 3279 1039 3321 Matri-

105 3340 274 3382 citatem
291 3341 497 3395 propriam
513 3366 528 3387 ,
543 3335 611 3379 seu
633 3337 859 3394 rigorosam
874 3367 887 3386 ,
904 3339 1041 3380 omni-

105 3399 161 3444 no
173 3397 412 3459 requisitam
435 3411 514 3456 pro
529 3398 781 3443 decimarum
800 3400 1043 3457 perceptio-

1955 143 2084 222 4³1

1158 248 1211 276 ne
1227 262 1240 282 ,
1255 235 1413 276 Vita-rii
1425 231 1746 289 praesentatione
1762 261 1776 282 ‚
1796 242 1843 275 ac
1859 231 1952 274 aliis
1966 260 1980 280 ‚
2012 232 2089 274 du

1155 295 1311 351 quibus
1343 292 1460 347 supra
1475 320 1489 340 ‚
1521 295 1687 339 notavit
1717 296 1821 334 Rota
1847 293 1888 333 in
1918 292 2088 347 Bistnia-

1154 367 1243 394 nen.
1250 351 1634 404 praeminentiarum
1654 366 1719 392 10.
1736 352 1938 394 Februarii
1961 365 2088 402 1710.

1155 418 1284 460 §.Nec
1309 414 1451 453 deerat
1479 426 1562 452 cum
1583 415 1622 458 ς.
1633 413 1780 464 penult.
1798 440 1811 459 ,
1843 413 1892 454 (9·
1925 417 1991 454 16.
2006 412 2088 470 Ja-

1151 471 1284 512 nuarii
1303 484 1319 511 1
1330 485 1353 521 7
1364 477 1429 513 16.
1445 471 1473 511 a?
1488 475 1526 517 §-
1542 472 1736 533 Qodque
1751 472 1866 526 usque
1880 472 2005 522 infin.
2023 486 2086 511 co-

1150 547 1237 573 ram
1256 530 1576 587 Reverendfflmo
1595 535 1639 573 P.
1656 537 1707 573 D.
1724 544 1806 571 meo
1828 531 1993 583 Anfhldo
2008 534 2089 572 De-

1151 607 1270 633 cano.

1210 651 1415 692 Praemiffis
1436 663 1520 692 non
1536 649 1743 692 refistenre
1762 649 2088 707 ponderatione,

1151 712 1269 767 quod
1283 713 1324 754 in
1338 714 1426 752 adiu
1439 709 1817 754 dismembrationis
1831 711 1998 752 duobus
2015 713 2090 750 Pa·-

1150 772 1290 812 rochis
1323 771 1558 813 constitutis
1580 799 1593 818 ‚
1637 783 1835 828 certaque
1867 769 2089 811 Territorii

1150 843 1266 885 parte
1294 831 1520 888 unicuique
1548 828 1730 885 ipsorum
1762 831 1960 873 destinata
1976 857 1990 878 ‚
2024 830 2090 869 di-

1149 894 1254 932 ctum
1287 890 1414 933 fuerit
1428 919 1442 939 ‚
1474 904 1619 933 eorum
1653 892 1893 947 quemlibet
1914 891 1967 932 de
1989 904 2088 945 pro·

1148 951 1237 1005 pria
1257 951 1457 993 Parochia
1483 962 1727 993 contentum
1759 951 1838 993 effe
1868 952 2026 993 debere
2046 963 2088 993 Ξ

1148 1009 1197 1051 &⁶
1215 1011 1320 1064 quod
1329 1012 1434 1050 alter
1445 1010 1487 1050 in
1502 1011 1668 1050 alterius
1683 1012 1849 1066 Ecclesia
1860 1039 1872 1059 ‚
1886 1012 1956 1053 vel
1972 1016 2089 1052 Paro-

1148 1068 1233 1108 chia
1245 1069 1344 1109 nihil
1349 1070 1456 1122 juris
1474 1070 1639 1121 amplius
1648 1071 1727 1122 fibi
1736 1073 1852 1128 posset
1866 1070 2088 1111 vindicare.

1148 1131 1358 1184 Qoniam
1376 1129 1467 1170 cum
1487 1131 1529 1171 id
1546 1132 1693 1179 actum,
1714 1131 1953 1187 dictumque
1971 1131 2088 1172 vide-

1148 1189 1182 1227 ri
1201 1187 1319 1242 poffit
1333 1189 1383 1230 ad
1401 1203 1492 1231 cum
1512 1190 1759 1245 praecipuum
1775 1189 1916 1238 finem,
1931 1195 1970 1232 δε
1987 1187 2088 1230 effe-

1148 1250 1256 1289 stum
1272 1277 1285 1297 ‚
1304 1261 1345 1290 ut
1360 1248 1525 1291 facilior
1541 1248 1787 1290 redderetur
1806 1263 1904 1291 cura
1921 1250 2089 1291 Anima-

1148 1321 1236 1349 rum
1258 1337 1271 1356 ,
1289 1309 1670 1357 medianteiibero,
1709 1313 1748 1352 δε
1763 1308 1956 1351 absoluto
1974 1309 2093 1349 illius*

1148 1369 1352 1410 exercitio
1386 1369 1613 1425 unicuique
1643 1382 1694 1410 ex
1727 1370 1924 1411 Parochis
1955 1371 2088 1410 intra„

1147 1428 1396 1482 praestitutos
1415 1427 1516 1471 fines
1530 1430 1807 1476 demandato,
1839 1429 1939 1471 ideo
1974 1429 2089 1484 opti-

1147 1487 1212 1529 me
1237 1488 1334 1530 talis
1350 1488 1548 1544 expressio
1567 1489 1777 1545 intelligi5
1809 1493 1848 1531 δε
1883 1486 2088 1530 verificari

1146 1548 1282 1602 potest
1309 1547 1493 1604 respectu
1522 1549 1642 1589 Curae
1676 1549 1847 1590 aetuans
1862 1577 1875 1596 ‚
1923 1561 2086 1605 nequa-

1145 1620 1270 1663 quam
1298 1609 1398 1650 vero
1414 1607 1561 1648 referri
1589 1608 1641 1649 ad
1661 1610 1835 1651 totalem
1856 1606 2087 1663 separatio-

1144 1679 1237 1707 nem
1257 1667 1378 1708 Curae
1397 1669 1520 1710 etiam
1540 1666 1794 1713 habitualis3
1830 1668 2006 1709 maxime
2025 1679 2089 1711 at-

1142 1736 1261 1767 tenta
1293 1724 1563 1785 subsequenti
1592 1727 1835 1770 immediata
1864 1725 2090 1783 praeserva-

1143 1786 1261 1827 tione
1309 1789 1494 1830 omnium
1526 1787 1676 1838 jurium
1709 1786 2087 1843 praeseferentiunu

1146 1841 1444 1897 subjectionem
1463 1844 1651 1888 Ecclefiae
1667 1846 1806 1890 filialis
1825 1861 1923 1906 erga
1940 1848 2090 1890 Matri-

1145 1918 1235 1946 cem
1279 1903 1424 1949 saltem
1455 1906 1596 1964 quoad
1629 1907 1782 1950 Curam
1815 1908 2088 1955 habitualem

1147 1964 1209 2005 Ex
1228 1978 1308 2020 qua
1325 1965 1513 2020 profesto
1532 1966 1731 2020 explicita
1750 1995 1763 2015 ‚
1791 1968 2087 2011 &immediata

1145 2023 1465 2078 proeservatione
1481 2026 1590 2069 reete
1609 2025 2089 2076 convincitussdismem

1145 2085 1381 2127 brationem
1401 2086 1706 2141 praecedentem
1733 2085 1848 2128 fuisse
1866 2087 2087 2132 restriaam

1143 2144 1254 2186 intra
1284 2143 1395 2187 solos
1413 2147 1568 2187 limites
1587 2145 1708 2188 Curae
1725 2148 1919 2196 actualis,
1951 2145 2086 2190 salva..

1146 2217 1340 2245 manente
1377 2205 1580 2246 habituali
1610 2207 1740 2260 penes
1754 2206 1976 2249 Ecclesiam
1995 2207 2088 2248 Ma-

1146 2265 1292 2304 tricem
1309 2265 1362 2305 de
1374 2265 1576 2320 Seraingh
1603 2277 1653 2305 ex
1670 2267 1826 2308 notatis
1846 2281 1918 2323 per
1934 2271 2088 2309 Azzor.

1144 2323 1272 2375 Instit.
1291 2324 1439 2364 Moral.
1454 2337 1592 2378 para.
1608 2337 1690 2379 cap.
1703 2340 1718 2366 1
1730 2326 1897 2381 2.quaest.
1910 2341 1923 2368 1
1934 2327 2042 2379 3.lib.
2049 2341 2087 2379 3.

1143 2383 1534 2438 Pignattell.consult.
1555 2388 1652 2425 Can.
1663 2397 1759 2434 109.
1775 2401 1925 2428 num.1.
1940 2387 1989 2429 &⁶
2003 2401 2086 2428 con-

1133 2443 1232 2496 sult.
1253 2448 1346 2491 167.
1363 2458 1513 2485 num-2.
1525 2455 1618 2484 tom.
1638 2457 1677 2492 9.
1695 2446 1814 2486 Card-
1833 2446 1878 2488 de
1894 2449 1986 2487 Luc.
2002 2448 2089 2490 de,

1145 2503 1290 2544 Decim.
1306 2502 1397 2554 disc.
1420 2516 1435 2541 1
1447 2515 1486 2542 2.
1505 2518 1608 2544 num.
1620 2515 1633 2541 1
1645 2515 1684 2553 3.
1702 2508 1789 2546 Rot.
1808 2504 1849 2546 in
1862 2519 1939 2547 rec.
1952 2507 2030 2547 dec.
2047 2518 2088 2555 7.

1145 2575 1292 2612 num.7.
1310 2574 1425 2614 par-‚1
1437 2564 1476 2602 8.
1490 2574 1579 2603 tom.
1591 2576 1625 2602 1.

1205 2623 1332 2664 Clare
1357 2622 1399 2662 id
1429 2620 1592 2677 insuper
1617 2624 1923 2678 comprobante
1948 2622 2087 2667 subse-

1148 2692 1278 2737 quuta
1293 2679 1562 2723 observantia
1577 2692 1661 2723 tum
1682 2682 1925 2726 affirmativa
1941 2712 1954 2732 ,
1970 2697 2089 2727 tum.»

1149 2742 1276 2782 etiam
1312 2743 1506 2796 negativa
1524 2769 1536 2789 ,
1566 2742 1725 2798 optime
1762 2743 1802 2784 d.
1819 2741 2091 2787 dismembra-

1150 2801 1279 2841 tionis
1300 2802 1579 2858 quidditatem
1595 2802 1905 2845 demonstrante
1919 2832 1933 2853 ,
1958 2816 2002 2845 ut
2022 2804 2090 2846 di.-

1151 2863 1212 2902 xit
1227 2866 1329 2903 Rota
1347 2861 1388 2900 in
1408 2872 1552 2903 recent.
1573 2863 1680 2911 dec.7
1691 2876 1709 2900 2
1720 2878 1758 2902 0.
1774 2877 1838 2902 nu.
1849 2875 1864 2902 1
1875 2876 1914 2915 3.
1923 2876 2014 2917 par.
2025 2866 2091 2906 18.

1154 2922 1338 2971 dec.416.
1352 2934 1500 2974 num.4.
1515 2933 1682 2976 par.19.
1697 2921 1746 2965 ό·
1762 2924 1843 2963 dec.
1856 2923 1928 2972 87.
1944 2935 2094 2974 num-5.

1156 2995 1286 3021 coram
1302 2982 1467 3023 Emer-ix
1479 2983 1566 3032 jun.
1597 2982 1647 3023 Et
1665 2982 1836 3039 quidem
1855 2981 2097 3027 affirmativa

1158 3055 1211 3083 ex
1229 3054 1281 3082 eo
1295 3040 1557 3089 coruscabat,
1575 3044 1672 3098 quia
1691 3055 1774 3084 non
1794 3040 1941 3092 solum,
1956 3056 2000 3086 ut
2014 3044 2097 3097 jam

1160 3114 1438 3157 praenotatum
1470 3100 1548 3142 fuit
1566 3129 1579 3148 ,
1623 3101 1921 3145 Monasterium
1959 3105 1999 3146 S.
2021 3106 2099 3160 Ja-

1157 3162 1256 3203 cobi
1290 3162 1469 3217 percipit
1486 3161 1669 3203 decimas
1686 3190 1698 3210 ,
1732 3166 1770 3205 δι
1801 3162 2003 3206 tributum
2022 3171 2100 3220 pro

1159 3221 1349 3262 luminari
1365 3221 1475 3261 intra
1488 3219 1592 3262 fines
1614 3220 1800 3263 Ecclefiae
1817 3224 1872 3265 de
1885 3225 2103 3280 Jemeppe,

1160 3284 1491 3337 congruamque
1510 3280 1670 3336 praestat
1688 3283 1945 3339 Presbytero
1970 3285 2012 3324 in
2031 3298 2104 3325 ea..

1161 3340 1355 3395 deputari
1369 3338 1525 3382 affueto
1551 3338 1623 3381 sub
1638 3354 1840 3398 perpetua
1853 3344 2104 3386 denomina-

1163 3400 1285 3443 tione
1302 3400 1487 3451 Vicarii‚
1513 3397 1586 3444 sub
1599 3414 1682 3460 qua
1701 3402 1864 3446 nonnisi
1882 3408 1996 3448 Cura
2012 3414 2104 3443 tan-

2013 3461 2106 3503 clim
