2392 3736
314 93 723 182 DeJurepatr.
749 91 883 157 Par.
909 93 1013 157 Vl.
1034 96 1191 158 Can.
1214 94 1329 158 XX
1339 96 1412 160 V.
1435 91 1575 158 Cas?
1594 93 1777 158 Unic.

224 254 868 306 ARGUMENTUM:

52 398 97 445 Si
114 396 254 462 plures
268 395 443 444 Patroni
457 392 804 459 praesentaverint
825 391 878 441 ad
895 395 1037 440 Bene-

121 464 267 514 ficium
301 461 582 529 perfortem,
614 479 669 511 an
689 462 958 530 praesentatio
986 462 1036 510 fit

115 535 232 582 nulla
248 566 264 590 ,
296 533 404 583 adeo
439 547 487 582 ut
520 534 655 582 literae
669 533 932 599 Apostolicae
948 535 1035 580 im-

114 604 367 673 petrationis
397 603 587 651 obtentae
617 603 694 651 sub
711 601 1033 668 expressione-,3

113 672 236 740 quod
251 671 516 720 Beneficium
541 686 663 719 tanto
682 686 881 738 tempore
906 690 1034 720 vaca-

113 746 226 793 verit
244 776 260 801 ,
293 757 340 790 ut
357 743 447 805 ejus
462 741 636 789 collatio
662 740 717 788 ad
736 741 891 791 Sedem
914 747 1036 808 Apo-

110 814 309 863 stolicam
324 811 516 878 legitime
535 809 582 858 sit
598 810 802 860 devoluta
821 845 836 871 ,
860 831 913 860 eo
930 814 1034 879 quia

111 883 291 934 Patroni
315 897 406 929 non
423 879 727 947 praesentarunt
749 884 796 929 in
816 898 1031 950 tempore,

113 953 196 1003 sint
212 953 472 1018 exequendae
487 984 500 998 .

238 1075 840 1122 SUMMARIUM.

48 1214 65 1242 1
127 1199 267 1243 Literae
299 1197 508 1252 qustolicae
548 1212 622 1239 non
644 1198 864 1254 justificatae
885 1211 1028 1242 execu-

157 1259 298 1300 tionem
313 1273 384 1299 non
399 1267 596 1298 merentur
607 1287 619 1298 .

29 1332 65 1367 3²
126 1318 338 1360 Devolutio
364 1317 591 1358 admittitur
617 1318 673 1358 ad
686 1318 942 1373 supplendam
958 1333 1026 1359 ne·

29 1371 33 1386 ⁴
150 1378 382 1435 gligentiam
398 1381 649 1418 patronorum
665 1406 679 1426 ‚
705 1378 754 1420 ἐφ’
785 1380 952 1420 aliorum
965 1378 1028 1419 in-

143 1438 340 1492 feriorum
356 1435 584 1477 collatorum
598 1467 611 1479 .

29 1492 33 1547 ἶ
40 1511 62 1551 3
120 1502 197 1540 Per
221 1496 409 1548 clausulas
417 1497 621 1550 generales
650 1512 723 1537 non
751 1499 927 1550 censetur
958 1497 1028 1539 de·

152 1567 331 1610 rogatum
344 1556 661 1608 juripatronatus
677 1556 811 1598 laicali
827 1575 838 1599 t

28 1597 62 1670 ¹4
118 1616 262 1659 electio
279 1615 534 1670 Ecclesiastica
563 1629 615 1657 an
632 1617 735 1672 fieri
745 1616 855 1674 poffit
866 1629 936 1672 per
940 1618 1026 1670 sor-

28 1681 33 1720 ἵ
150 1679 294 1723 tem&
313 1688 495 1716 num.11.
1014 1674 1019 1683 “

29 1731 54 1787 3
118 1737 258 1779 Literae
288 1734 500 1788 Apffiolicae
542 1734 585 1776 in
613 1736 783 1778 omnibus
800 1735 1020 1792 justificata

29 1800 33 1850 ξ
139 1796 235 1849 sunt
251 1796 484 1849 exequenda
497 1825 509 1837 .

29 1859 55 1909 ‚⁶
114 1855 352 1897 prohibitum
381 1854 430 1906 est
462 1856 642 1896 Patronis
664 1856 1017 1910 affumpraesenta-

145 1915 263 1956 tionis
280 1942 294 1963 ‚
306 1926 376 1956 aut
392 1916 664 1958 nominationis
681 1916 839 1970 explere
848 1918 1021 1971 persor-

142 1986 202 2015 ιω
218 2005 230 2017 .

29 2043 53 2085 7
83 2068 93 2076 .
113 2033 265 2077 Textus
297 2035 338 2075 in
353 2048 442 2090 cap.
455 2034 567 2077 final.
598 2036 652 2078 de
677 2033 866 2094 sortileg.
894 2036 1019 2079 locum

29 2134 32 2148 ‚
140 2094 260 2135 etiam
272 2094 386 2135 babet
398 2095 439 2134 in
449 2096 745 2149 praesentatione
758 2125 770 2136 .

27 2154 52 2194 ¹8
112 2153 522 2207 Nonpraesentantibus
534 2183 549 2203 ,
579 2166 652 2196 aut
679 2155 1015 2209 nulliterpraesen-

139 2214 316 2254 rantibus
331 2215 511 2256 Patronis
542 2215 582 2255 in
595 2227 767 2270 tempore
790 2216 1014 2271 beneficium

138 2272 347 2327 impetrari
367 2274 490 2327 potest
503 2274 530 2315 ἃ
543 2276 638 2317 Sede
652 2274 859 2329 Apostolica
883 2278 1013 2327 jure,

81 2367 86 2374 .
139 2333 350 2378 devolat„
373 2332 495 2376 etiam
516 2349 589 2376 non
611 2334 818 2389 expeHato
835 2335 1015 2389 semestri

30 2428 32 2446 ᾗ
84 2413 90 2431 ι
142 2393 316 2446 Episcopo
326 2404 561 2447 competente
573 2422 586 2434 .
601 2398 641 2438 δε
659 2406 799 2445 num.9
815 2422 827 2435 .

14 2448 84 2511 {10
106 2453 220 2506 Papa
250 2453 292 2493 in
305 2453 442 2508 quibus
458 2456 603 2509 casibus
618 2455 806 2512 derogare
805 2453 913 2508 filet
926 2459 1005 2498 Pa-

30 2524 31 2529 *
140 2512 359 2555 transitibus
367 2512 568 2555 laicalibus
583 2515 602 2555 ἒ

157 2630 446 2677 CAS·Us
506 2634 893 2680 UNICUS.

86 2749 193 2860 T
209 2748 393 2792 Enentur
424 2752 691 2809 quamplures
715 2753 886 2796 Patroni
915 2749 1012 2795 laici

224 2810 385 2866 exlege
400 2807 656 2854 fundationis
673 2814 822 2854 unitim
841 2841 853 2861 ,
883 2816 921 2855 &
938 2827 1011 2868 per

82 2867 252 2909 modum
282 2870 471 2925 Collegii
502 2869 743 2927 praesentare
769 2873 822 2914 ad
850 2872 1010 2914 benefi-

30 2947 33 2957 ·
81 2925 191 2967 cium
221 2929 520 2982 patronaleA,
549 2928 767 2973 Personam
798 2932 1010 2981 idoneam,

29 2993 34 3047 J
81 2986 122 3027 δι
139 2986 319 3030 habilem
334 3005 345 3034 ς
371 3001 520 3032 vacato
537 3003 667 3046 nuper
683 2990 891 3033 beneficio
908 3019 921 3039 ‚
938 2991 1013 3033 Pa-

30 3054 33 3061 ’
78 3046 188 3086 troni
210 3046 434 3101 posuerunt
462 3049 504 3091 in
521 3062 621 3092 urna
634 3051 801 3093 nomina
819 3064 902 3092 non
916 3052 1009 3093 nul-

29 3149 33 3154 ,
78 3102 214 3147 lorum
249 3107 536 3153 Clericorum‚
589 3112 630 3152 &
665 3110 900 3153 habuerunt
930 3125 1008 3167 pro

30 3169 35 3185 ⁸
77 3161 320 3218 praesentato
339 3167 455 3209 illum
473 3167 703 3218 clericum,
719 3171 836 3222 eujus
855 3184 1009 3214 nomen

30 3261 34 3290 ς
77 3219 156 3264 fuit
172 3239 243 3278 per
262 3223 410 3268 sortem
426 3229 680 3274 extraetum
707 3231 774 3271 cui
802 3230 1009 3287 denegata

31 3299 34 3316 ι
76 3278 155 3323 fuit
187 3285 386 3328 institutio
414 3287 465 3328 ab
481 3287 708 3330 Ordinatio
728 3316 740 3329 .
770 3288 804 3330 E
836 3302 1009 3335 contra-0

30 3351 35 3412 ᾗ
76 3340 247 3396 quidam
258 3344 463 3390 Sacerdos
489 3347 732 3405 impetravit
746 3347 858 3392 idem
872 3349 1007 3393 bene-

30 3428 35 3448 ἵ

1153 178 1294 224 ficium
1326 184 1350 225 ἐι
1376 182 1546 226 Summo
1564 181 1796 232 Pontifice‚
1825 195 1916 225 cum
1935 178 2103 238 expres·

1153 239 1267 283 fione
1300 243 1420 299 quod
1443 243 1548 285 illud
1573 255 1695 284 tanto
1714 255 1904 299 tempore
1920 256 2098 285 vacave-

1154 301 1208 342 rit
1224 328 1240 349 ‚
1270 313 1314 343 ut
1328 302 1418 354 ejus
1436 302 1614 344 collatio
1649 302 1701 343 ad
1720 303 1869 344 Sedem
1881 302 2099 358 Apostoli-

1153 373 1245 403 cam
1272 362 1463 416 legitime
1499 361 1547 403 fit
1566 361 1771 403 devoluta
1784 390 1798 410 ‚
1835 376 1888 403 eo
1907 364 2006 419 quia
2024 363 2100 402 Pa-

1154 423 1267 464 troni
1286 435 1368 463 non
1387 419 1681 476 praesentarunt
1694 422 1734 462 in
1751 434 1954 474 tempore.
1975 424 2097 478 Qae-

1153 485 1257 524 titur
1270 495 1320 524 an
1334 480 1570 534 hujusmodi
1582 481 1710 522 literae
1729 479 1802 521 fint
1815 483 2094 536 exequendae?

1099 552 1117 580 1
1216 541 1567 597 Respondendum
1588 541 1755 582 videtur
1773 538 2007 590 hujusmodi
2043 540 2097 580 li-

1151 614 1261 644 teras
1278 602 1560 658 Apostolicas,
1580 613 1729 657 utpote
1749 613 1834 641 non
1853 596 2094 647 justificatas

1152 663 1486 721 exequutionem
1515 675 1601 703 non
1626 660 1776 703 mereri
1809 659 1861 700 ad
1882 663 2000 699 Text.
2012 657 2095 699 ill-a

1150 736 1234 777 cap.
1251 737 1289 763 2.
1305 725 1351 763 de
1369 722 1559 776 Rescript.
1584 726 1672 763 Rot.
1698 720 1740 762 in
1755 717 1964 770 Dertusen.
1982 718 2098 758 bene-

1138 783 1232 838 ficii
1254 796 1323 831 29·
1336 783 1482 837 Aprilis
1499 795 1547 833 17
1559 795 1624 822 ιο.
1642 785 1680 828 §.
1701 781 1796 823 Cam
1811 779 1909 819 enim
1924 791 2093 818 coram.»

1149 847 1199 885 R.
1215 847 1256 882 P.
1270 849 1320 885 D.
1335 848 1525 885 Lancetta
1538 872 1551 891 ,
1580 842 1628 884 &
1644 841 1685 881 in
1696 846 1963 893 Caputaquen.
1988 840 2092 890 Cap-

1139 903 1321 955 pellam'ae
1341 916 1410 953 27.
1425 903 1542 963 Junii
1562 914 1611 952 17
1624 903 1688 943 18.
1708 905 1746 947 §.
1763 896 1998 940 Executioni
2011 911 2089 938 cor.

1149 965 1303 1003 R.P.D.
1316 964 1362 1002 de
1378 967 1556 1003 Hert-era
1580 991 1592 1003 .

1207 1020 1409 1066 Defeetus
1439 1034 1580 1064 autem
1610 1019 1916 1074 justificationis
1960 1017 2092 1060 dieta-

1144 1081 1465 1123 tumliterarum
1493 1096 1544 1123 ex
1574 1096 1625 1123 eo
1652 1079 1850 1123 resultare
1878 1075 2093 1134 dignosci-

1143 1152 1212 1182 tur
1227 1168 1240 1188 ,
1256 1142 1354 1198 quia
1372 1141 1451 1182 illae
1466 1143 1695 1196 impetrata:
1710 1151 1909 1195 apparent
1931 1167 1943 1184 ‚
1966 1150 2089 1179 curru

1142 1200 1354 1257 supposito
1373 1202 1488 1258 quod
1505 1200 1754 1243 beneficium
1786 1210 1905 1240 tanto
1922 1209 2090 1252 ternpo-

1142 1274 1187 1302 re
1207 1264 1432 1309 vacaverit,
1451 1273 1494 1303 ut
1513 1261 1599 1312 ejus
1613 1259 1795 1316 provisio¹
1812 1258 1855 1298 lit
1875 1257 2085 1300 dovoluta

1139 1321 1195 1362 ad
1211 1321 1360 1362 Sedem
1376 1321 1675 1376 Apostolicam,
1694 1333 1746 1361 eo
1765 1347 1777 1366 ,
1795 1319 1894 1375 quia
1915 1316 2088 1358 Patroni

1143 1395 1228 1423 non
1246 1379 1543 1436 praesentarunt
1561 1382 1602 1422 in
1619 1393 1810 1433 ternpore
1827 1396 1837 1424 ;
1852 1378 1970 1434 quod
1990 1374 2085 1417 sane

1141 1438 1391 1496 suppositum
1410 1441 1571 1483 corruit
1598 1454 1649 1481 ex
1664 1437 1748 1494 ipsa
1768 1435 2086 1493 praesentatione

1139 1499 1247 1542 facta
1262 1502 1286 1543 a
1305 1502 1495 1543 Patronis
1516 1501 1624 1542 intra
1639 1499 1936 1557 quadrimestre
1952 1524 1965 1543 ‚
1993 1508 2085 1551 quae

1141 1560 1261 1602 ficuti
1281 1562 1470 1602 excludit
1491 1561 1533 1603 in
1555 1561 1639 1602 illis
1658 1557 1960 1614 negligentiam
1982 1568 2085 1610 prze-

1140 1617 1330 1661 sentandi
1347 1648 1361 1669 ‚
1388 1622 1448 1663 ita
1467 1633 1640 1677 quoque
1665 1615 1817 1660 ceffare
1830 1615 1932 1658 facit
1950 1614 2089 1656 devo-

1083 1685 1105 1713 ²
1140 1680 1348 1721 lurionem
1366 1708 1380 1728 ,
1412 1694 1504 1738 quae
1523 1694 1608 1722 non
1628 1677 1700 1720 nifi
1716 1678 1768 1719 ad
1782 1674 2085 1732 supplendam-a

1138 1740 1443 1798 negligentiam
1474 1741 1750 1782 Patronorum
1767 1766 1780 1786 ,
1806 1749 1876 1778 aut
1901 1736 2081 1777 aliorum

1137 1799 1384 1842 inferiorum
1410 1801 1666 1843 collatorum
1696 1798 1961 1840 admittitur.
1987 1799 2080 1848 Cap.

1137 1860 1244 1900 Licet
1274 1861 1321 1899 de
1333 1859 1510 1914 supplen.
1534 1859 1672 1915 neglig.
1698 1858 1857 1899 Praelat.
1878 1857 1970 1896 Ahb.
1997 1854 2079 1897 1⁹11.ae

1135 1931 1219 1972 cap.
1241 1931 1279 1958 2.
1294 1933 1398 1960 num.
1419 1932 1459 1968 7.
1477 1919 1524 1959 de
1540 1918 1690 1976 conceff.
1701 1916 1896 1971 praebend.
1927 1918 2078 1957 Lotter.

1133 1979 1182 2020 de
1195 1993 1237 2018 re
1250 1979 1372 2034 benef:
1384 1978 1448 2020 lib.
1457 1992 1494 2019 2.
1511 1978 1638 2033 quaest.
1653 1990 1720 2029 24.
1733 1989 1838 2017 num.
1851 1989 1883 2015 r.
1901 1979 1989 2016 Rot.
2010 1974 2080 2016 de-

1131 2038 1199 2091 cis}
1219 2050 1319 2088 392.
1337 2053 1442 2079 num.
1448 2053 1487 2091 3.
1507 2038 1677 2094 &stqq.
1695 2040 1826 2080 coiam
1842 2035 1945 2088 Cels)
1960 2063 1972 2075 .

1075 2120 1098 2159 3
1190 2099 1356 2141 Fortius
1391 2099 1547 2141 eaedem
1563 2098 1694 2140 literae
1723 2111 1807 2140 non
1832 2092 1961 2137 essent
1977 2106 2077 2137 exe-

1131 2158 1312 2215 quendae
1325 2187 1339 2206 ‚
1372 2157 1399 2199 fi
1416 2172 1500 2200 non
1514 2157 1651 2199 fuisset
1679 2154 1872 2213 expresse
1891 2155 2077 2208 deroga-

1133 2230 1222 2260 tum
1243 2218 1570 2273 juripatronatus
1601 2217 1846 2259 eorumdem
1869 2216 2078 2256 Patrono-

1132 2291 1223 2319 rum
1240 2306 1254 2325 ,
1275 2276 1348 2320 sed
1363 2275 1494 2320 solum
1510 2279 1551 2319 in
1569 2278 1651 2318 illis
1667 2274 1802 2318 fuiffet
1821 2275 1974 2317 dietum
1992 2290 2002 2319 ς
2023 2271 2081 2313 ad

1131 2338 1399 2394 cujustumque
1422 2337 1691 2386 collationem,
1708 2337 1780 2390 seu
1804 2332 2076 2390 praefintatio-

1128 2412 1215 2439 nem
1232 2426 1246 2445 ,
1259 2398 1483 2453 beneficium
1494 2397 1696 2452 pertineat
1713 2414 1724 2443 ς
1756 2397 1855 2453 quia
1872 2407 1946 2450 per
1965 2393 2074 2435 hanc

1127 2455 1354 2499 clausulam
1373 2470 1456 2498 non
1468 2454 1708 2498 censeretur
1741 2456 1992 2511 derogatum
2013 2452 2075 2494 ei-

1128 2519 1225 2558 dem
1242 2517 1584 2570 juripatronatus,
1600 2517 1692 2558 cum
1714 2513 1786 2557 sub
1803 2510 2073 2572 quibuscum-

1127 2591 1211 2634 que
1228 2573 1421 2617 clausulis
1438 2574 1826 2630 generalibu8‚licet
1839 2573 2075 2622 effraenatis,

1128 2649 1340 2692 nunquam
1387 2637 1556 2679 veniant
1594 2636 1841 2677 Patronatus
1885 2633 2069 2677 laicales

1128 2700 1362 2737 Covarruv.
1378 2694 1687 2750 public-quiesi.
1702 2707 1784 2748 cap.
1805 2698 1874 2747 36.
1907 2706 2011 2732 num.
2029 2707 2068 2735 2.

1128 2756 1236 2807 vers.
1255 2755 1530 2815 Qodautem‚
1545 2755 1743 2796 Lotter.de
1761 2768 1803 2795 re
1821 2752 1942 2806 benqfi
1959 2752 2070 2803 lib.4.

1126 2814 1255 2870 quaest.
1278 2829 1341 2855 10.
1357 2829 1420 2855 nu.
1439 2827 1510 2866 77.
1545 2815 1594 2857 (9-
1612 2818 1678 2866 83.
1709 2819 1748 2856 &
1764 2815 1835 2855 alii
1854 2814 1957 2867 apud
1976 2815 2067 2852 Rot.

1127 2874 1240 2926 decis
1257 2886 1327 2926 44.
1340 2889 1443 2916 num.
1463 2876 1502 2914 8.
1525 2874 1605 2928 post
1620 2871 1996 2926 Antonell.de1'urib·
2017 2870 2067 2914 (θ’

1128 2934 1273 2976 onerib.
1286 2935 1424 2976 Cleric-

1069 3009 1099 3048 4
1188 2995 1290 3036 Non
1307 2993 1436 3037 officit
1453 2996 1611 3036 Textus
1622 2994 1663 3034 in
1673 2995 1868 3051 capfinal.
1890 2994 2067 3047 deſsarti-

1127 3054 1202 3110 leg.
1234 3055 1304 3096 ubi
1319 3056 1570 3110 prohibetur
1598 3055 1749 3096 electio
1767 3052 2068 3096 Ecclesiastica.»

1130 3113 1221 3155 fieri
1251 3128 1323 3168 per
1353 3113 1484 3157 sortes
1507 3132 1517 3160 ;
1550 3115 1648 3171 quia
1675 3117 1715 3155 in
1742 3115 1883 3170 primis
1905 3115 2065 3155 “sextus

1124 3172 1317 3230 loquitur
1337 3175 1389 3215 de
1407 3174 1787 3222 ele&ione‚deinde
1801 3175 1924 3216 etiam
1947 3171 2069 3216 omis-

1127 3231 1188 3280 so,
1203 3234 1319 3289 quod
1337 3234 1441 3275 hane
1454 3248 1629 3290 quoque
1643 3234 1989 3289 comprehendar,
2007 3248 2068 3276 ta·-

1127 3306 1224 3334 men
1242 3306 1326 3334 non
1342 3294 1511 3335 videtur
1527 3295 1700 3336 omnino
1719 3295 1974 3348 prohibitum
1991 3296 2069 3335 eli-

1127 3365 1230 3409 gere
1244 3378 1258 3402 ,
1274 3355 1314 3395 δε
1328 3351 1571 3411 praesentare
1587 3366 1661 3411 per
1682 3351 1835 3397 sortem
1853 3382 1867 3403 ,
1889 3367 1930 3396 ut
1946 3365 2064 3412 patet

2014 3426 2066 3453 ex
