2430 3776
487 177 1122 266 DeJurepatronatus
1140 180 1275 245 Par.
1301 181 1375 246 V.
1398 183 1558 245 Can.
1583 185 1683 248 VI.
1938 139 1939 142 Ἴ
2014 213 2131 276 113
2199 244 2204 246 ,

75 293 422 362 clefiasticis
444 290 815 360 Ministeriis
833 299 1147 382 perpetuo
1163 295 1615 371 inservitur083
1647 300 2010 392 Pauperum
2029 330 2137 374 au-
2214 295 2216 298 V

0 458 1 472 ἶ
75 414 209 460 tem
226 388 393 455 filios
411 387 728 476 praecipue
750 385 899 470 eligi
929 389 1090 459 vult,
1112 410 1233 452 nec
1255 404 1474 454 tamen
1497 392 1809 459 ditiorum
1829 400 2135 476 excludit,

0 489 3 564 ἶ
72 486 275 556 modo
296 481 410 546 suo
431 480 691 568 sumptu
713 479 961 543 alantur
982 526 1004 553 2—
1030 482 1093 545 8(
1116 480 1403 547 studium
1419 484 1818 572 praeseferant
1846 495 1993 554 Deo
2013 541 2030 566 ‚
2073 496 2133 560 &

2 570 4 621 ἶ
40 605 44 608 ’
71 574 361 649 Ecclesia:
389 572 821 638 inserviendi.
866 573 1010 637 Hos
1039 575 1285 640 Pueros*
1314 575 1665 668 Episcopus
1685 581 1755 646 in
1775 599 1875 647 tot
1897 586 2134 654 Claffes

74 687 234 764 quot
252 671 310 735 ei
331 666 664 734 videbitur
680 663 941 739 divisoe,
955 668 1131 752 juxta
1152 664 1389 734 eorum
1403 693 1669 746 annum,
1683 693 1958 745 aetatem,
1977 680 2133 744 acin

38 763 422 856 §Disciplina
437 757 865 826 Ecclefiastica
885 762 1319 848 progreffum,
1338 763 1594 852 partim,
1615 771 1771 831 cum
1799 771 1859 834 ei
1889 795 2125 862 oppor-

0 883 8 931 f
47 850 304 926 '‘tunum
323 853 675 927 videbitur,
690 851 1112 923 Eccleliarum
1133 855 1484 922 ministerio
1505 860 1780 936 addicet,
1801 868 2038 952 partim
2063 868 2133 931 in

0 955 9 1010 Ii
40 946 364 1038 'Collegio
393 947 783 1013 erudiendos
817 946 1118 1011 retinebit
1143 996 1162 1021 ‚
1199 948 1484 1039 aliosque.
1518 952 1588 1015 in
1622 956 1842 1020 locum
1873 959 2150 1036 eductor

65 1069 213 1113 rum
235 1042 524 1114 sufficiet,
544 1042 707 1106 itaut
744 1040 871 1105 hoe
889 1042 1259 1126 Collegium
1278 1045 1404 1107 Dei
1426 1044 1873 1114 Ministrorum
1910 1075 2129 1142 perpe·

27 1095 252 1235 {tuum
275 1135 703 1201 Seminarium
722 1133 814 1198 fit.
838 1135 934 1198 Ut
951 1135 1194 1199 veroin
1212 1135 1438 1199 eadem
1453 1137 1806 1228 Disciplina
1826 1145 2126 1210 Ecclesia-

34 1233 215 1315 Jstica
234 1229 648 1296 commodius
665 1227 1107 1301 instituantur,
1122 1229 1414 1294 Tonsura
1433 1229 1667 1304 statim,
1691 1251 1882 1324 atque
1900 1236 2126 1303 habitu

34 1316 331 1393 *clericali
352 1323 602 1411 semper
622 1322 1398 1396 utentur,GrammaticeS‚
1409 1325 1676 1398 Cantu8,
1692 1332 1986 1419 computi
2007 1335 2125 1395 Ec-

35 1403 380 1492 {elestastici
404 1463 418 1490 ‚
462 1415 858 1505 aliarumque
913 1414 1237 1480 bonarum
1271 1416 1540 1480 Artium.
1576 1418 1994 1510 Disciplinam
2036 1425 2127 1487 di-

35 1503 259 1609 ssscen-t,
288 1516 543 1576 Sacram
570 1507 967 1598 Scripturam
986 1556 1007 1582 ,
1039 1505 1272 1573 Libros
1291 1507 1751 1578 Ecclefiasticos
1770 1561 1789 1589 ,
1808 1515 2124 1582 Homilias

38 1606 461 1680 ἔδειηξὶοωω,
493 1619 687 1690 atque
715 1607 1279 1667 Sacramentorum-
1297 1605 1764 1670 tradendorum
1785 1655 1802 1681 ,
1839 1611 2127 1675 maxime.

40 1681 197 1791 'quae
213 1699 293 1764 ad
311 1694 723 1763 confeffiones
743 1695 1091 1760 audiendas
1106 1693 1501 1762 videbuntur
1520 1718 1887 1787 opportuna
1905 1749 1921 1774 ‚
1958 1704 2017 1768 8(
2043 1705 2122 1768 ri-

45 1813 267 1878 '‘tuum,
300 1814 374 1856 ac
392 1789 939 1856 Caeremoniarum
961 1792 1227 1853 Formas
1255 1787 1537 1854 ediscent
1563 1839 1578 1854 .
1629 1796 1831 1858 Curet
1863 1794 2122 1883 Episco-

39 1871 283 1980 {pusmt
310 1883 569 1970 fingulis
589 1881 815 1947 diebus
842 1880 1040 1948 Miflaz:
1059 1880 1383 1947 Sacrificio
1414 1884 1706 1949 intersint
1724 1934 1746 1959 ,.
1793 1910 1864 1952 ac
1897 1889 2120 1953 {altem

33 1980 314 2072 {singulis
340 1974 668 2042 Menfibus
687 1973 1114 2042 confiteantur
1145 1992 1439 2062 peccata,
1475 1977 1533 2041 8(
1570 1978 1749 2062 juxta
1787 1980 2117 2048 Confeffo-

46 2072 477 2156 [risjudicium
497 2068 750 2133 sumant
772 2071 1030 2157 Corpus
1056 2068 1327 2132 Domini
1346 2069 1541 2134 nostri
1556 2071 1695 2152 Jesu
1715 2073 1974 2147 Christi,
2001 2081 2118 2140 Ca-

45 2166 344 2251 }hedralh
368 2166 427 2229 8(
450 2164 585 2228 aliis
607 2163 764 2227 locis
786 2159 1070 2227 Ecclesiae
1093 2159 1320 2227 diebus
1336 2164 1387 2224 F
1391 2161 1533 2227 estis
1554 2161 1897 2231 inserviant
1918 2215 1931 2229 .
1957 2172 2116 2250 Qae

32 2250 274 2343 {omnia
297 2306 311 2334 ,
347 2274 538 2346 atque
558 2257 677 2320 alia
698 2303 714 2331 ,
756 2257 838 2319 ad
872 2254 1037 2319 hanc
1071 2276 1208 2318 rem
1241 2274 1643 2345 opportuna,
1685 2259 1748 2323 8(
1777 2259 2115 2326 neceflaria

48 2346 351 2444 {Episcopi
374 2349 603 2435 finguli
624 2346 1052 2414 cumconsilio
1079 2349 1362 2413 duorum
1396 2352 1883 2417 Canonicorum
1914 2353 2114 2419 senio-

46 2444 78 2516 χ’
133 2471 198 2510 m
218 2493 236 2521 ‚
261 2448 319 2511 &
336 2445 705 2532 graviorum
725 2490 743 2517 ,
765 2465 930 2531 quos
947 2442 1057 2531 ipfi
1088 2442 1396 2528 elegerint
1415 2489 1430 2516 ‚
1452 2463 1647 2531 prout
1665 2447 1936 2536 Spiritus
1961 2451 2112 2511 San-

0 2571 2 2573 >
119 2563 189 2603 us
212 2534 594 2625 suggesserit,
619 2536 1030 2609 constituent,
1049 2557 1249 2624 eaque
1275 2554 1343 2599 ut
1365 2539 1614 2626 [emper
1634 2538 2111 2614 conserventur,

40 2623 275 2722 *yfaepius
300 2626 618 2696 vifitando
640 2652 902 2718 operam
924 2628 1170 2694 dabunt
1196 2676 1209 2691 .
1262 2629 1573 2716 Dyscolos
1591 2678 1608 2704 ,
1631 2633 1692 2697 8(
1713 2633 2113 2719 incorrigibi-

10 2738 13 2739 ’
55 2720 158 2799 Es,
189 2748 262 2790 ac
283 2726 602 2789 malorum
624 2745 882 2788 morum
911 2724 1342 2786 Seminatores
1376 2726 1605 2788 acriter
1637 2727 1910 2812 punient
1936 2774 1950 2799 ,
1999 2747 2109 2791 eos

0 2868 15 2888 „
44 2814 267 2904 ⁴etiam,
285 2816 331 2883 fi
348 2841 511 2906 opus
528 2814 716 2881 fuerit
733 2865 748 2890 ,
770 2817 1149 2904 expellendo
1166 2862 1180 2887 ‚
1209 2816 1556 2905 omniaque
1591 2818 2108 2906 impedimenta„

0 2970 3 2983 .
61 2912 427 2981 inferentes:
450 2932 867 2999 quaecumque
903 2910 982 2973 ad
1021 2908 1528 2974 conservandum
1546 2958 1562 2984 ,
1603 2912 1662 2975 8(
1688 2913 2107 2997 augendum„

0 3053 3 3094 ἶ
48 3022 188 3070 tam
211 3006 390 3096 pium
413 3051 429 3078 ‚
462 3002 819 3070 &sanctum
840 3002 1200 3067 institutum
1220 3004 1538 3090 pertinere
1568 3003 1980 3078 videbuntur,
2012 3005 2106 3070 di-

0 3157 6 3170 ,
46 3119 55 3187 '7
82 3098 325 3179 ‘enter
344 3096 655 3163 curabunt
679 3122 696 3169 3
747 3099 827 3161 Et
847 3098 995 3184 quia
1014 3097 1092 3160 ad
1115 3096 1388 3181 Collegii
1408 3096 1736 3162 Fabricam
1774 3098 2104 3163 instituen-

47 3200 227 3266 'oam,
265 3193 426 3256 &ad
448 3191 812 3255 mercedem
850 3189 1345 3277 l'raeceptoribus
1367 3237 1381 3262 ‚
1421 3191 1480 3256 8(
1516 3191 1822 3255 Ministris
1863 3191 2106 3255 solven-

0 3345 22 3358 „
47 3295 84 3364 }··
112 3309 233 3358 m,
265 3286 324 3349 8(
345 3286 424 3348 ad
445 3285 738 3348 alendam
771 3283 1208 3368 juventutem,
1245 3285 1303 3348 8(
1327 3285 1407 3347 ad
1440 3284 1593 3348 alios
1623 3283 1912 3374 sumptus
1949 3284 2105 3349 certi

88 3379 339 3443 edditus
360 3395 545 3442 erunt
566 3373 883 3443 neceflarii
910 3380 1072 3441 ultra
1091 3399 1159 3440 ea
1182 3428 1196 3452 ,
1234 3401 1370 3466 qua:
1392 3378 1474 3440 ad
1508 3376 1925 3442 instituendos
1949 3426 1962 3451 ‚
1999 3379 2103 3439 vel

0 3508 9 3535 :-
27 3472 310 3592 t1·alend05
331 3494 556 3560 pueros
575 3470 802 3537 suntin
823 3469 1135 3561 aliquibus
1155 3469 1438 3539 Ecclesiis
1459 3518 1473 3544 ‚
1497 3472 1556 3536 8(
1577 3471 1732 3535 locis
1759 3471 2066 3535 destinata
2087 3515 2102 3540 ‚

59 3579 63 3589 »
168 3566 266 3602 Pars
298 3567 342 3604 V.
1688 3562 1716 3600 P
2011 3574 2100 3618 quae
