2430 3776
24 67 42 78 r

287 163 388 224 De
401 162 917 248 Jurepatronatus
932 162 1066 228 Par.
1086 166 1164 232 V.
1181 167 1338 230 Can.
1363 165 1466 230 XI.
1491 168 1632 232 Cas:
1649 171 1755 236 IV.

88 275 296 330 solutione
313 268 495 322 ejusdem
522 270 565 310 S.
579 269 939 325 Congregationis
976 273 1018 316 in

41 347 49 354 ⁴
88 334 293 389 Cufintina
300 329 461 385 subsidii
475 327 619 369 dotalis
638 340 680 377 7.
699 330 808 370 Febr.
830 342 907 380 171
921 343 958 371 ι.

0 383 1 398 ³
30 387 76 456 ς’
125 396 273 437 Stante
291 387 615 445 impoffibilitate
631 389 870 445 exequendi
884 389 1021 446 Lega-

87 468 175 498 turn
192 481 206 503 ,
234 450 488 508 permittitur
510 446 624 489 illius
642 449 934 498 commutatio,
955 449 1018 492 uti

87 509 272 572 permiss'a
279 507 359 551 fuit
369 508 412 550 in
429 506 693 562 Salisburgen.
703 507 1012 550 commutationis

86 568 306 615 voluntatis
341 579 377 608 1.
393 565 515 624 ‘Junii
544 577 701 617 1715„
733 567 804 608 ubi
829 567 1012 619 injuncto

87 645 160 692 per
173 628 387 672 Comitem
401 628 585 669 Bennum
604 626 657 668 de
683 626 879 668 Martiniz
908 628 1014 670 Prae-

70 681 656 751 ‘pofitumWiisegt-adensem
673 699 802 728 onere
814 714 826 734 ‚
843 685 916 728 suo
932 688 1013 729 hae-

88 750 178 796 oedi
192 777 207 797 ‚
218 746 433 792 vendendi
451 747 658 802 propriam
673 745 842 788 domum
862 747 1016 803 Pragae,

55 832 59 835 ·
90 813 220 868 &pro
247 807 422 864 pecunia
439 806 539 851 alias
562 806 664 847 duas
685 805 865 847 ·levioris
893 808 1017 862 pretii

90 874 327 925 Neopragae
342 866 395 908 ad
407 861 644 920 Wissegrad
661 867 844 914 emendi,
859 870 897 909 &
910 868 951 908 in
962 867 1016 908 il·-

6 925 9 930 *
55 927 58 967 ἓ
88 933 140 975 lis
153 925 816 971 duodecimNobiiibusssohemis
829 925 1014 968 studiofis

6 998 10 1030 ἑ
47 1007 65 1041 ,χ
89 989 163 1033 sub
175 980 592 1037 direrstione'alicujus
608 985 809 1041 Regentis
835 986 985 1028 nudam
1001 1013 1016 1034 ,

0 1079 11 1102 ,
36 1044 63 1118 3}
88 1051 265 1094 liberam
290 1045 594 1088 habitationem
623 1044 864 1091 tribuendi;
895 1044 1018 1087 cinna

0 1102 10 1118 ¹*
39 1102 69 1171 ξ
88 1111 171 1153 hoc
182 1107 367 1162 legatum
384 1116 594 1160 nunquam
605 1102 732 1146 fuerit
745 1116 1017 1162 exequutum,

8 1176 11 1185 ¹
89 1179 227 1224 neque
252 1175 341 1206 erat
358 1162 630 1220 exequibile‚
657 1177 710 1206 eo
741 1165 857 1220 quod
877 1164 1017 1206 nullus

10 1262 13 1270 2
35 1218 62 1256 f
89 1242 142 1272 ex
168 1224 390 1268 nobilitate
405 1223 645 1269 Bohemain
664 1223 797 1279 longo
812 1235 1016 1265 annorum

9 1294 14 1319 1
40 1279 64 1337 ξ
88 1284 294 1332 curriculo
309 1294 497 1339 repertus
513 1280 592 1323 fuit
606 1310 622 1330 ,
637 1283 710 1339 qui
729 1282 855 1324 vellet
873 1295 1017 1338 puram

46 1341 392 1411 {habitationem
414 1342 570 1383 habere
599 1342 643 1383 in
668 1342 880 1397 praelibata
895 1343 1017 1386 Civi-

45 1415 69 1459 ,ῑ
87 1419 173 1451 tate
191 1405 428 1459 Neopragae
442 1429 456 1450 ,
472 1401 544 1442 ubi
562 1401 676 1443 nulla
690 1400 770 1443 five
788 1403 1016 1444 vicinarum

13 1459 16 1469 '
88 1464 347 1511 Scholarum,
361 1461 441 1504 (ive
456 1461 751 1502 exercitiorum
765 1462 1018 1518 equestrium

89 1514 366 1570 commoditas
383 1517 678 1578 est,nullusque
691 1520 858 1578 Regens
872 1522 1019 1564 inven-

24 1579 157 1638 [ffigtus
179 1583 288 1631 fuit,
318 1581 391 1639 qui
420 1579 500 1622 fine
517 1579 606 1622 ullo
632 1579 838 1636 stipendio
859 1593 1021 1623 tantum

42 1650 67 1695 ἐ,
90 1657 196 1690 onus
208 1641 344 1686 subire
352 1639 399 1682 fit
413 1651 579 1697 paratus
593 1656 606 1687 ;
620 1638 699 1681 fuit
714 1641 891 1696 proinde
903 1655 1021 1683 com-

43 1738 75 1752 .
89 1705 289 1749 mutatum
305 1703 347 1742 in
360 1699 718 1742 manutentionem
734 1711 799 1741 tot
814 1700 1021 1742 Alumno-

44 1749 175 1808 ‘qrnm
190 1764 234 1805 in
253 1762 397 1803 Domo
411 1757 710 1815 Salisburgenfi
729 1787 742 1807 ,
772 1760 839 1801 vel
866 1760 909 1801 in
939 1760 1021 1802 alia

43 1789 235 1871 {Domo
262 1821 528 1866 elericorum
552 1820 595 1860 in
620 1832 840 1873 commune
873 1820 1022 1862 viven-

50 1868 72 1917 ἕ
87 1886 191 1928 tium
207 1912 221 1926 .

35 1924 74 1994 ὃ
150 1944 211 1985 Ex
242 1939 426 1988 subsidiis
459 1939 692 1987 dotalibus,
722 1938 875 1980 relictis
891 1939 914 1981 a
935 1940 1020 1981 Te-

49 1995 240 2051 ¹*stature
274 2000 429 2043 Puellis
454 2000 628 2042 incertis
663 1999 715 2040 ad
741 1996 925 2041 effectum
945 2012 1021 2042 nu-

55 2018 218 2111 {chencii
233 2063 276 2104 in
291 2058 456 2107 saeculo,
473 2059 542 2101 vel
557 2060 598 2100 in
617 2059 819 2108 Domino,
833 2060 1019 2114 permitti

89 2120 213 2171 solet,
227 2132 273 2163 ut
288 2118 553 2162 desumantur
574 2119 773 2160 nonnulla
789 2147 802 2167 ,
832 2121 871 2160 δι
885 2119 1020 2173 appli-

53 2181 236 2239 jzaeentur
251 2195 329 2237 pro
346 2178 650 2222 commoditate
669 2179 819 2220 Puellae
835 2205 850 2226 ‚
863 2192 954 2235 quae
972 2178 1018 2220 iit

57 2276 63 2283 s
86 2239 293 2298 sanguine
310 2239 530 2291 conjuncta
550 2251 642 2279 cum
658 2238 874 2279 Testatore
887 2266 900 2286 ,
921 2241 959 2281 &
973 2237 1019 2279 sit

59 2289 64 2298 ⁵
84 2311 246 2361 pauper
259 2328 274 2349 ,
289 2312 335 2341 ut
351 2296 435 2355 ipsa
447 2298 648 2340 Monialis
663 2294 768 2339 effici
783 2296 903 2352 poffit
919 2326 934 2346 ‚
961 2297 1023 2339 uti

58 2359 171 2409 sifuit
200 2355 431 2415 permissum
460 2358 502 2400 in
529 2362 702 2399 Romana
718 2384 732 2404 ,
748 2358 822 2410 stu
848 2358 1023 2398 sabinen.

67 2408 241 2486 {substan
256 2418 400 2460 dotatis
419 2430 486 2469 24.
500 2415 646 2470 Aprilis
664 2429 680 2456 1
690 2429 712 2466 7
725 2429 740 2456 1
750 2428 807 2467 7.‚
821 2415 870 2459 o
889 2417 929 2459 in
943 2419 1025 2458 Ro-

71 2475 206 2525 mana
221 2479 367 2521 dotium
392 2471 458 2527 24⁵.
477 2475 707 2530 Septembris
738 2478 862 2528 1718.

44 2531 89 2595 73-
102 2541 171 2582 ·-E'
187 2551 334 2582 contra
350 2536 574 2580 deficiente
587 2564 600 2583 ,
618 2539 656 2578 &
674 2548 758 2577 non
772 2549 1026 2579 concurren-

80 2590 137 2644 ἔκ
152 2599 264 2652 justa,
281 2603 320 2643 &
340 2594 560 2639 necessaria
574 2593 693 2637 causa
709 2596 897 2651 Summus
914 2597 1024 2637 Pon-

96 2658 198 2704 tifex
209 2660 282 2701 has
301 2660 463 2715 piorum
481 2656 743 2697 Testatorum
761 2656 1024 2697 voluntatum

37 2714 40 2719 ¹
78 2743 79 2747 =
95 2720 459 2765 commutationes,
471 2721 511 2760 &
527 2716 844 2773 derogationeS‚
859 2716 995 2757 irritat
1009 2743 1024 2765 ‚

34 2796 41 2827 „⁷
98 2790 225 2836 atque
242 2779 423 2833 denegat
437 2805 450 2816 .

0 2850 6 2886 ἑ,
34 2830 93 2896 ἐθιζζ
151 2839 217 2880 Sic
236 2836 261 2879 fi
278 2837 468 2878 redditus
484 2849 560 2892 pro
575 2834 779 2876 Vestiario
795 2834 1024 2890 Pauperum

0 2902 10 2936 ;—.
36 2897 42 2914 ¹
89 2896 124 2941 2
137 2898 353 2940 Testatore
369 2895 558 2937 destinati
575 2906 820 2951 erogentur,
837 2908 1028 2936 commu-

36 2967 44 3005 :
99 2966 238 3007 tentur
252 2985 265 3005 ,
288 2968 356 2997 aut
374 2955 633 3011 applicentur
652 2955 703 2997 ab
720 2951 929 3010 Episcopo
948 2968 1027 3009 pro

0 3032 10 3058 ,κ
38 3026 44 3072 9
93 3028 143 3081 ge
173 3013 445 3064 aratione,seu
460 3027 567 3057 nova
577 3015 880 3057 constructione
898 3014 1029 3055 Fron-

39 3083 45 3109 '=
94 3031 239 3132 'tiissitii
268 3074 457 3117 Ecclefiae
474 3074 758 3122 Cathedralis,
794 3074 890 3117 talis
908 3087 1027 3115 com-

0 3135 34 3197 t}
99 3136 274 3178 mutatio
288 3163 301 3183 ,
330 3139 369 3177 &
397 3133 621 3189 applicatio
655 3146 739 3175 non
779 3131 995 3175 sustinetur
1012 3161 1026 3181 ,

0 3192 48 3250 ³23
81 3215 93 3228 ·
149 3192 318 3237 asertim
334 3193 360 3234 fi
379 3193 511 3236 forma
528 3191 787 3248 Frontispitii
815 3206 865 3235 ex
883 3193 1026 3248 operi-

0 3261 48 3304 ης
102 3206 178 3306 rins
209 3254 451 3296 voluntariis
475 3264 671 3308 appareat
693 3251 825 3308 magis
851 3263 1026 3302 ornata,

6 3306 51 3363 .ἰῖ
101 3324 221 3370 qnam
237 3313 355 3369 ipsius
375 3313 554 3354 Fabricae
574 3310 786 3352 neceffitas
802 3313 995 3368 exquirat
1012 3340 1026 3362 ,

0 3400 2 3402 v
46 3373 51 3412 i
102 3372 350 3472 &ihegatum
369 3372 554 3414 Vestiarii
580 3371 636 3412 est
658 3371 1026 3426 reintegrandum,

45 3417 53 3520 ἒ
102 3430 147 3473 fit
198 3430 382 3475 efinitum
399 3431 477 3475 fuit
494 3431 519 3474 ὰ
538 3428 640 3488 saepe
657 3430 764 3473 dicta
775 3431 816 3472 S.
828 3432 1027 3490 Congre-

0 3501 8 3525 ·ἰ
157 3491 258 3533 Pars
272 3494 318 3533 V.

1946 192 2067 240 201

1138 275 1312 331 gatione
1337 275 1380 316 in
1407 275 1628 317 Gerunden.
1660 280 1980 322 commutationis
1996 298 2075 323 vo-

1134 334 1304 375 luntatis
1322 345 1342 373 2
1353 346 1372 384 5
1382 333 1630 386 Septembris
1649 348 1666 375 1
1677 348 1776 386 700.
1792 341 1847 379 ad
1848 340 2075 393 strandum,

1139 392 1189 435 ό
1206 392 1372 434 tertium
1390 422 1402 434 .

1079 463 1105 500 9
1194 453 1297 495 Non
1312 449 1416 494 solet
1427 453 1617 495 Summus
1633 454 1827 497 Pontifex
1841 471 2074 501 commuta-

1134 524 1180 553 re
1210 513 1465 555 erectionem
1496 514 1784 555 Canonicatus
1812 517 1835 556 a
1856 517 2071 562 Testatore

1134 570 1424 614 demandatam
1456 585 1549 614 cum
1582 570 1862 615 reservatione
1891 576 2078 632 Jurispa-

1080 685 1083 689 ι
1134 642 1346 680 tronatus,
1364 632 1406 673 in
1427 633 1678 675 erectionem
1694 632 1884 688 fimplicis
1913 634 2078 678 Benefi-

1132 691 1186 730 cii
1200 718 1212 737 ,
1244 688 1314 733 seu
1339 705 1423 734 non
1438 690 1548 733 solet
1562 692 1663 734 loco
1681 694 1912 746 praebendae
1929 697 1991 738 Ca
2001 709 2077 738 no-

1137 750 1284 796 nicalis
1323 752 1567 807 permittere
1598 752 1848 794 erestionem
1877 753 2076 797 beneficii

1137 807 1331 864 fimplicis
1349 839 1363 859 ,
1381 824 1432 852 ex
1448 825 1500 854 eo
1515 839 1528 860 ‚
1557 810 1675 869 quod
1693 812 1900 854 Canonici
1915 814 2079 856 Cathe-

1134 868 1290 917 draiis,
1318 870 1386 912 vel
1413 870 1668 926 Collegiatae
1683 884 1859 914 renuant
1891 869 2075 915 assentiri

1100 943 1103 945 >
1136 930 1336 971 erectioni
1353 930 1641 973 Canonicatus
1657 958 1670 978 ,
1690 943 1848 973 attenta
1864 933 2073 975 tenuitate

1136 989 1342 1042 Capitalis
1369 989 1550 1044 affignati
1592 1003 1667 1045 pro
1708 990 2077 1034 distributionibus

1137 1047 1415 1102 quotidianis,
1439 1048 1610 1105 quando
1636 1049 1789 1091 ditium
1808 1052 2003 1106 Capitale
2023 1066 2077 1094 ex

1136 1106 1375 1147 redditibus
1407 1108 1459 1148 ab
1494 1107 1645 1149 eodem
1676 1109 1889 1161 Testatore
1918 1112 2075 1153 relictis

1136 1164 1256 1220 possit
1271 1167 1415 1221 augeri
1427 1193 1440 1214 ,
1459 1178 1504 1207 ut
1521 1165 1599 1207 fuit
1617 1166 1768 1210 dietum
1787 1170 1830 1211 in
1847 1170 2077 1212 Placentina

1136 1225 1457 1266 Commutationis
1474 1225 1697 1266 voluntatis
1720 1228 1784 1268 18.
1811 1230 1921 1269 Febr-
1947 1242 2074 1278 1702.

1077 1295 1135 1339 ‚10
1196 1284 1359 1326 Relicto
1387 1285 1412 1327 a
1451 1285 1666 1327 Testatore
1702 1287 1888 1341 Capitali
1921 1302 2079 1346 magnae

1136 1345 1402 1400 pecuniarum
1423 1341 1583 1387 summae
1600 1358 1693 1386 cum
1725 1359 1855 1388 onere
1877 1350 2081 1403 erogandi

1108 1411 1111 1415 ’
1137 1405 1302 1445 tertiam
1335 1416 1495 1460 partem
1521 1404 1724 1447 fructuum
1753 1405 1867 1448 illius
1895 1421 1973 1463 pro
2003 1408 2082 1450 ali-

1138 1464 1290 1505 mentis
1309 1464 1433 1506 trium
1457 1461 1802 1506 Adolescentium
1829 1466 2082 1525 Theologiae

1139 1522 1391 1566 studentium
1409 1540 1420 1569 ;
1452 1524 1573 1566 aliam
1595 1525 1759 1565 tertiam
1776 1538 1934 1580 partem
1955 1528 1996 1567 in
2013 1541 2084 1569 rea

1140 1582 1429 1638 demptionem
1450 1585 1711 1639 captivorum
1727 1612 1740 1631 ,
1771 1586 1839 1626 vel
1856 1583 2079 1629 snbfidium

1140 1642 1316 1694 alicujus
1336 1643 1474 1698 Judaei
1501 1644 1767 1685 Catholicarn
1782 1642 1908 1687 fidem
1926 1647 2082 1701 ample-

1142 1703 1292 1742 ctentis
1307 1730 1320 1750 ,
1348 1706 1388 1744 &
1405 1704 1526 1744 aliam
1543 1705 1708 1744 tertiam
1730 1717 1887 1759 partem
1907 1720 1983 1761 pro
1999 1705 2082 1747 do-

1140 1762 1281 1803 tandis
1311 1762 1444 1804 tribus
1477 1763 1661 1804 honestis
1679 1763 1850 1811 Puellis,
1868 1778 1952 1806 non
1970 1763 2080 1806 solet

1139 1821 1329 1863 Summus
1347 1821 1540 1864 Pontifex
1556 1819 1803 1878 suspendere
1822 1823 1923 1865 istud
1943 1825 2080 1879 Lega-

1140 1891 1229 1922 tum
1256 1883 1298 1921 in
1317 1893 1479 1930 totum,
1504 1885 1543 1923 &
1565 1896 1710 1924 omnes
1740 1883 1852 1925 illius
1885 1884 2081 1926 redditus

1140 1940 1375 1998 exigendos
1406 1939 1536 1996 spatio
1564 1941 1736 1992 alicujus
1768 1944 1971 1996 temporis
2007 1957 2080 1999 ap-

1138 2001 1321 2056 plicare,
1344 2004 1384 2043 &
1417 2000 1610 2055 affignare
1640 2014 1717 2056 pro
1736 1998 1914 2043 subfidio
1931 2003 2071 2045 dotali

1138 2073 1366 2115 pauperum
1393 2060 1628 2101 Puellarum
1658 2060 1782 2102 etiam
1801 2058 1982 2113 ejusdem
1997 2064 2081 2104 Te-

1138 2119 1302 2161 statoris
1318 2116 1716 2177 consanguinearum
1732 2149 1744 2168 ,
1764 2121 1806 2161 in
1833 2122 1909 2176 piae
1922 2123 2078 2164 mentis

1138 2181 1368 2223 Testatoris
1382 2207 1395 2227 ,
1413 2183 1451 2221 δε
1467 2181 1644 2222 aliorum
1662 2192 1909 2230 vocatorum
1930 2181 2081 2236 praeju-

1142 2239 1323 2287 dicium,
1359 2242 1417 2280 uti
1435 2237 1573 2280 fimilis
1588 2236 1810 2294 suspensio,
1836 2244 1876 2282 &
1897 2241 2082 2296 applica-

1142 2300 1206 2340 tio
1223 2299 1352 2354 legati
1368 2299 1576 2354 denegata
1593 2296 1672 2340 fuit
1687 2300 1729 2341 in
1745 2299 1945 2355 Aquilana
1965 2303 2082 2341 Com·

1142 2357 1370 2400 mutationis
1381 2357 1604 2399 voluntatir
1624 2371 1639 2397 1
1650 2357 1813 2416 6.⁵Junii
1838 2372 1853 2400 1
1863 2372 1886 2410 7
1894 2374 1917 2399 0
1925 2373 1963 2411 3.
1976 2373 2080 2402 con-

1145 2417 1304 2460 firmata
1324 2419 1393 2458 28.
1413 2418 1523 2476 Julii
1538 2418 1705 2470 ejusdcm
1719 2418 1813 2458 anni
1835 2447 1847 2459 .

1091 2488 1108 2516 1
1122 2488 1138 2516 1
1207 2474 1415 2534 Dispofito
1447 2478 1471 2519 a
1485 2477 1700 2519 Testatore
1714 2506 1726 2525 ,
1750 2490 1795 2519 ut
1810 2477 1863 2519 de
1879 2478 2021 2520 omnib
2030 2491 2079 2520 us

1144 2534 1226 2579 suis
1271 2539 1396 2579 bonis
1432 2537 1540 2578 intra
1584 2537 1798 2579 biennium
1847 2540 2081 2593 erigeretur

1148 2598 1401 2640 Conventus
1428 2597 1599 2637 Ordinis
1615 2596 1656 2636 S.
1673 2595 1875 2638 Francisci
1896 2599 2080 2639 Fratrum

1145 2657 1482 2699 Recolleetorum
1499 2683 1512 2703 ,
1529 2669 1616 2711 quo
1639 2655 1744 2697 infra
1763 2656 1976 2698 biennium
1993 2671 2078 2699 non

1146 2720 1300 2764 cresto,
1327 2715 1433 2756 inira
1449 2715 1562 2756 aliud
1578 2715 1790 2758 biennium
1811 2717 1989 2758 construi
2005 2717 2081 2758 de-

1145 2778 1265 2819 beret
1295 2775 1590 2816 Monasterium
1619 2774 1866 2817 Monialium
1886 2777 2082 2819 Minima-

1145 2850 1233 2878 rum
1260 2835 1300 2876 S.
1328 2831 1528 2875 Francisci
1557 2834 1610 2875 de
1634 2833 1786 2882 Paula,
1819 2848 1904 2891 quo
1923 2837 2080 2890 pariter

1149 2910 1235 2938 non
1258 2894 1433 2936 fundato
1461 2892 1579 2936 fieret
1598 2894 1824 2951 coaequalis
1847 2894 1992 2937 divisio
2015 2895 2082 2936 di-

1147 2958 1304 2997 etorum
1322 2955 1528 2997 bonorum
1542 2954 1650 2996 inter
1664 2966 1822 2995 certum
1836 2951 2079 3010 Hospitale;

1147 3019 1186 3057 δι
1220 3014 1407 3071 quaedam
1434 3014 1705 3055 Eremitoria.
1736 3012 1777 3054 Si
1809 3026 1996 3056 neutrum
2030 3028 2081 3057 ex

1146 3075 1266 3115 dictis
1294 3073 1554 3116 Monasteriis
1592 3071 1718 3115 fuerit
1757 3075 1935 3116 erectum
1970 3076 2081 3118 intra

1145 3145 1310 3190 tempus
1333 3134 1527 3175 statutum
1542 3132 1599 3174 ob
1616 3133 1866 3188 denegatum
1883 3130 2077 3175 affensum

1145 3195 1324 3252 regium,
1342 3197 1381 3236 δι
1395 3192 1700 3248 oppidanorum
1714 3220 1728 3241 ,
1745 3206 1826 3235 non
1843 3192 1972 3236 debet
1990 3207 2083 3249 per-

1145 3254 1255 3295 mitti
1270 3253 1543 3294 commutatio
1562 3252 1672 3294 istius
1687 3252 1833 3310 Legati
1850 3253 1891 3294 in
1907 3254 2080 3295 erectio-

1146 3326 1240 3355 nem
1259 3312 1356 3354 novi
1372 3311 1608 3353 Monasterii
1623 3312 1796 3354 alterius
1815 3310 2051 3368 Religionis
2068 3342 2080 3359 ‚

1145 3371 1220 3413 sed
1240 3372 1354 3413 Bona
1384 3370 1640 3413 &Testatore
1671 3371 1813 3413 relicta
1844 3370 1934 3414 sunt
1951 3372 2083 3414 confi-

1147 3431 1339 3490 gnanda,
1366 3435 1406 3474 δε
1423 3431 1674 3473 restituenda
1686 3432 1815 3474 tertio
1835 3431 1934 3474 loco
1955 3447 2082 3474 vocaq

1687 3493 1726 3535 C
1739 3504 1762 3532 c
2012 3492 2082 3538 tis,
