2392 3736
609 134 1244 244 De'Jurep'atrbnatus
1265 155 1397 220 Par.
1415 155 1523 222 VI.
1953 173 2041 240 42
2056 180 2082 241 ς

109 265 336 325 spiritualia
352 278 438 309 tum
451 266 492 308 in
505 263 627 308 litera
642 293 658 316 ‚
685 277 771 307 tum
788 267 829 307 in
844 266 1029 308 ratione:

107 327 394 374 concessionis,
413 330 452 368 &
467 325 671 368 resistente
687 327 831 381 potius
847 322 1036 381 praesum-

107 392 257 448 ptione
270 386 474 429 contraria
488 413 502 433 ‚
526 383 668 429 frustra
682 385 845 426 levibus
862 381 1034 441 quibus·

105 450 199 490 dam
217 447 470 502 argumentis
482 446 709 501 Regulares
731 444 846 486 illam
862 441 1034 485 asserere

107 507 390 550 conabantur:
426 506 484 546 Ex
498 519 549 547 eo
570 505 774 562 signanter
788 531 801 551 ‚
816 503 933 561 quod
948 503 1034 544 haec

105 564 285 608 Ecclesia
303 577 508 620 nunquam
524 563 648 605 fuerit
662 561 824 619 provisa
846 576 920 618 per
932 576 1036 605 con-

108 623 266 667 cursum
285 652 299 671 ‚
322 627 360 666 δι
379 624 494 679 quod
518 625 558 665 in
575 620 659 678 ipsa
674 622 932 664 concessione
956 622 1034 662 tri-

107 685 255 727 buatur
271 683 521 725 Monasterio
554 681 793 724 universalis
813 682 1032 738 perceptio

106 744 378 786 Decimarum
393 770 407 792 ,
423 746 461 785 δι
474 741 674 784 fruetuum
690 770 705 791 ‚
723 739 929 784 reservata
943 753 1035 782 tan-

107 803 197 849 tum
214 815 398 859 congrua
412 803 610 858 portione
625 815 701 857 pro
714 802 884 843 Vicario
899 801 1035 857 depu-

107 864 264 908 tando;
290 863 448 905 caeteris
465 861 695 903 levioribus
707 860 856 903 omiffis
873 891 885 903 .
903 859 1034 917 Qod

108 924 217 964 enim
235 923 383 964 attinet
411 922 462 963 ad
480 934 671 976 congruae
693 918 1033 967 reservationem,

110 983 197 1024 haec
227 982 329 1025 nihil
352 980 569 1022 concludit
597 993 674 1036 pro
691 978 942 1031 subjectione
962 980 1034 1019 in..-

108 1040 389 1098 spiritualibus
409 1068 422 1089 ,
453 1053 530 1081 nec
557 1053 634 1095 pro
661 1041 865 1097 qualitate
876 1038 1032 1081 Vicarii

106 1100 359 1145 amovibilis3
377 1100 475 1157 quia
489 1098 572 1141 imo
584 1112 767 1155 congrua
782 1098 949 1154 proprie
967 1110 1033 1139 re-

103 1158 291 1203 servatur
331 1174 408 1214 pro
431 1159 602 1200 Vicario
627 1170 830 1214 perpetuo
859 1156 1034 1214 praesen-

106 1220 237 1262 tando
252 1234 325 1275 per
341 1218 577 1261 Monachos
590 1246 602 1265 ‚
633 1221 673 1260 &
692 1218 944 1260 instituendo
959 1229 1034 1271 per

105 1280 368 1322 ordinarium
385 1305 399 1326 ,
426 1289 470 1318 ut
485 1277 642 1319 constat
660 1291 711 1319 ex
728 1288 810 1330 cap.
824 1277 870 1318 de
885 1280 1034 1318 Mona-

18 1371 22 1385 ὃ
105 1340 185 1380 chis
199 1367 212 1388 ,
240 1339 307 1392 qui
320 1336 490 1378 Vicarios
508 1349 522 1376 1
534 1349 572 1375 2.
601 1336 666 1376 ubi
678 1335 791 1394 Gloffi
806 1336 936 1378 notab.
950 1335 1032 1378 itt-.-

18 1386 23 1443 l
102 1400 218 1441 verb.
242 1398 287 1439 de
305 1394 562 1450 proventibus
580 1393 663 1438 ὠτ.
696 1409 746 1437 ex
764 1393 848 1452 ipsa
864 1395 1034 1451 assigna-

102 1459 220 1501 tione
234 1468 427 1514 congruae
445 1456 564 1497 sumit
582 1467 868 1510 argumentum
884 1483 897 1503 ,
915 1455 1032 1512 quod

20 1512 25 1542 ¹
100 1518 200 1560 unio
214 1516 315 1558 sitin
331 1515 633 1571 temporalibus
655 1515 813 1558 tantum
830 1544 844 1564 ,
875 1514 923 1557 ὰ
951 1526 1033 1568 cap.

22 1582 25 1606 ³
98 1577 341 1630 extirpanda
372 1587 442 1627 30.
467 1575 512 1615 de
534 1574 726 1628 praebend.
769 1573 818 1617 ὠ·
844 1573 1030 1630 dignitas.

6 1610 27 1672 ll
97 1649 225 1692 capa.
239 1636 366 1677 eodem
381 1634 447 1677 tit.
460 1633 499 1674 in
515 1637 554 1674 6.
571 1634 685 1675 clem.
711 1648 745 1675 1.
761 1635 809 1674 de
831 1670 834 1674 ,
856 1645 1031 1687 urepatr.

23 1708 28 1737 l
96 1700 136 1740 δι
162 1697 222 1739 ibi
254 1696 353 1736 DD.
381 1694 656 1736 communiter
684 1694 790 1736 Rebu
819 1722 830 1733 .
851 1693 891 1734 in
907 1694 1031 1735 rma.

8 1759 29 1812 ῥ’
95 1755 303 1811 congrupcst
335 1753 462 1810 quest.
479 1765 517 1803 3.
545 1767 647 1794 num.
670 1765 736 1804 17.
773 1753 823 1796 ὰ
834 1754 952 1808 seqq.
978 1751 1029 1795 ὠ*

25 1803 31 1880 i
97 1815 224 1872 quast.
240 1829 281 1866 4.
297 1828 400 1854 num.
419 1826 486 1854 20.
503 1812 551 1855 ό
570 1827 675 1855 num.
692 1825 762 1864 32.
781 1811 948 1868 &seqq.
980 1811 1031 1855 ὠ·

30 1907 31 1922 2
97 1875 137 1916 in
146 1888 271 1930 prax.
286 1873 407 1926 benef}
423 1873 489 1914 tit.
501 1872 546 1911 de
562 1871 690 1915 Vicar.
700 1883 851 1926 perpet.
872 1886 976 1912 num.
988 1885 1029 1922 7.

28 1927 32 1967 '-
93 1939 244 1978 Lotter.
274 1934 342 1975 lib.
361 1946 395 1974 1.
425 1931 550 1989 quest.
569 1944 607 1983 3.
622 1946 726 1973 num.
746 1944 812 1981 19.
842 1930 890 1974 ὁ·
905 1932 969 1973 lib.
990 1945 1029 1972 2.

29 1983 34 2035 l
93 1994 222 2050 quest.
244 2006 309 2035 12.
329 2007 432 2034 num.
448 2006 517 2032 20.
544 1994 646 2037 Rota
671 2003 765 2046 par.
787 2004 804 2032 1
817 2004 851 2033 1.
871 2005 948 2032 rec.
961 1991 1028 2032 de-

31 2073 34 2090 ι
94 2055 160 2108 cis.
184 2067 398 2095 102.num.
420 2064 485 2092 11.

16 2108 65 2179 ξρ
154 2110 390 2170 Leviusque
420 2109 607 2167 profecto
633 2110 688 2152 est
712 2111 885 2153 alterum
906 2124 1031 2169 argu-

16 2182 37 2219 'rt
95 2187 278 2218 mentum
297 2186 347 2213 ex
365 2186 416 2214 eo
433 2168 690 2226 desumptum
706 2198 719 2218 ‚
747 2170 865 2228 quod
883 2172 1029 2213 Eccle-

16 2231 38 2277 i.
95 2231 148 2275 fia
164 2230 326 2289 provisa
339 2227 472 2273 fuisset
501 2228 656 2287 absque
671 2228 872 2272 concursu
891 2247 903 2277 ς
935 2243 1029 2272 nam

17 2280 39 2348 {i
95 2293 180 2335 hoc
212 2293 351 2334 valere
382 2288 515 2345 potest
548 2291 597 2331 ad
628 2290 887 2345 probandam
906 2290 1034 2332 unio-

20 2359 41 2396 s·
95 2366 189 2396 nem
205 2350 349 2394 favore
366 2350 617 2395 Monasterii‚
636 2349 803 2391 minime
820 2350 922 2392 vero
936 2363 1032 2405 pro-

20 2408 42 2462 i,
96 2413 168 2455 bat
181 2413 375 2453 unionem
394 2406 656 2459 subjestivam
674 2410 714 2449 in
733 2405 1029 2464 spiritualibus;

20 2469 43 2540 '¹'
96 2473 195 2530 quia
209 2472 311 2512 iniis
329 2472 452 2511 etiam
470 2468 806 2517 Parochialibus,
823 2482 914 2526 quae
937 2465 1031 2511 sunt

24 2552 44 2575 'i
97 2533 220 2574 unitae
236 2530 497 2573 Monasteriis
513 2528 654 2586 quoad
675 2528 920 2584 temporalia
937 2540 1031 2570 tan-

24 2589 45 2630 -Ι
101 2589 188 2634 tum
203 2618 217 2640 ,
231 2587 455 2632 concursus
476 2599 559 2630 non
580 2587 806 2644 requiritur
821 2616 834 2636 ,
868 2586 938 2630 sed
954 2588 1031 2630 Vi-

28 2660 47 2696 ··;
104 2652 237 2694 carius
252 2661 476 2704 perpetuus
492 2647 718 2690 instituitur
743 2647 799 2688 ad
814 2646 1031 2702 praesenta-

28 2719 47 2747 s
105 2713 262 2754 tionem
280 2709 457 2751 Abbatis
480 2709 537 2748 ita
566 2703 813 2761 disponente
841 2707 1033 2760 Constitu-

29 2764 34 2805 ἕ
105 2772 210 2814 tione
225 2781 295 2819 47.
309 2769 400 2820 san.
416 2781 526 2808 mem.
542 2767 603 2807 Pii
615 2770 660 2808 V.
689 2766 862 2808 Sanchez
877 2767 922 2809 de
928 2779 1034 2822 pra-

30 2839 50 2874 Αἱ
106 2841 201 2884 cept.
214 2827 392 2881 Decalog.
407 2827 472 2867 lib.
491 2839 531 2876 7.
544 2838 627 2880 cap.
644 2839 713 2876 29.
733 2841 798 2867 nu.
822 2838 919 2876 19²·
932 2826 1030 2867 Flor.

33 2881 51 2902 ‘⁸
103 2893 150 2935 de
162 2892 271 2932 Men.
298 2887 406 2927 dieta
429 2886 554 2941 quast.
575 2899 641 2928 10.
671 2900 772 2927 num.
790 2897 861 2934 40.
892 2889 1030 2928 Rota...

49 2954 54 3000 ὲ
97 2963 191 3007 par.
208 2961 243 2989 t.
258 2946 410 2998 divers.
423 2947 533 2999 decis.
550 2947 648 2997 798.
661 2961 762 2988 num.
783 2958 821 2994 5.
839 2945 1036 2999 &pann

36 3011 54 3056 l
105 3024 182 3053 rec.
193 3005 303 3058 decis}
327 3019 340 3046 1
351 3019 420 3045 02.
436 3020 538 3046 num.
549 3018 582 3045 r.
597 3019 675 3047 cor.
693 3005 799 3048 Bich.
817 3005 953 3059 deciſsx
964 3018 1034 3058 37.

34 3065 56 3094 ³²
106 3084 209 3114 num.
218 3082 254 3120 3.
270 3080 400 3106 coram
417 3065 534 3105 Priol.
549 3064 659 3117 decisi
676 3076 745 3117 44.
760 3077 940 3115 num.27.
958 3079 1039 3106 cor.

106 3124 460 3177 Emer-,jun-decg’fi
482 3123 672 3175 1301.&
695 3135 819 3175 1354.

54 3196 78 3239 97
168 3188 247 3229 Sed
266 3183 424 3227 tametfi
442 3197 514 3239 per
530 3184 787 3239 hypothesim
802 3181 1037 3240 supponere

56 3234 59 3247 ¹
109 3249 255 3292 liceret
267 3274 279 3294 ,
295 3245 410 3303 quod
426 3245 524 3286 unio
539 3244 596 3286 de
607 3257 717 3285 anno
737 3255 782 3292 15
794 3255 813 3294 3
825 3255 862 3292 5.
882 3245 1040 3300 impor-

58 3328 61 3364 3
112 3318 219 3350 taret
237 3305 457 3360 plenariam
473 3302 767 3353 subjectionem
782 3304 924 3359 quoad
936 3316 1039 3347 tem-

58 3366 62 3400 ἒ
112 3366 272 3424 poralia
287 3391 300 3411 ,
315 3367 355 3406 δι
371 3363 596 3419 spiritualia
610 3391 623 3411 ,
649 3367 686 3406 δε
703 3363 820 3420 quod
829 3361 972 3419 priscis
986 3364 1040 3406 il-

58 3401 65 3500 l
114 3428 167 3470 lis
183 3424 442 3478 temporibus
457 3423 649 3481 deputati
663 3420 827 3467 fuissent
842 3423 866 3466 a
878 3424 1042 3481 Praepo-

171 3489 272 3527 Pars
293 3487 357 3527 VI·

1106 2950 1131 2990 8

1154 264 1230 308 sito
1246 265 1474 320 Regulares
1490 264 1543 307 ad
1560 277 1703 310 nutum
1718 266 1985 317 arnovibiles‚
2001 268 2087 322 (de

1155 339 1243 382 quo
1272 337 1355 366 non
1385 322 1481 367 satis
1497 326 1683 369 constare
1701 327 1876 370 Domini
1891 339 2088 383 putarunt

1155 398 1207 425 ex
1224 383 1501 426 enunciativis
1529 388 1722 427 extractis
1749 388 1773 429 a
1801 387 1918 428 libris
1935 387 2089 430 Mona-

1154 444 1262 485 sterii
1277 471 1291 490 ,
1305 446 1345 485 &
1362 457 1413 484 ex
1431 444 1526 486 aliis
1541 446 1640 486 :ustis
1657 445 1887 487 exadverso
1899 448 2088 502 compul-

1154 500 1280 555 satis)
1303 504 1470 545 minime
1495 515 1631 547 tamen
1652 506 1736 546 hoc
1754 504 1942 548 officeret
1957 507 2086 547 Ordi-

1154 564 1376 610 nario‚tum
1388 565 1446 606 ob
1457 562 1816 619 supervenientem
1829 563 2014 604 Concil.T
2008 566 2088 613 rid.

1152 622 1522 680 dispositionemseffi
1531 636 1570 672 7.
1585 625 1632 664 de
1646 623 1803 678 reform.
1817 635 1899 677 cap.
1916 636 1957 673 7.
1981 637 2089 681 qua..-

1153 682 1277 723 datur
1307 681 1521 738 Episcopis
1550 681 1728 725 facultas
1754 681 1996 727 instituendi
2013 684 2089 723 Vi-

1152 742 1288 783 carios
1301 752 1528 797 perpetuos
1553 743 1678 784 etiam
1693 744 1734 784 in
1751 741 1942 785 Ecclesiis
1960 742 2087 784 unitis

1152 801 1283 856 pleno
1311 800 1400 852 jure
1430 802 1692 844 Monasteriis
1709 803 1976 859 Regularium
1993 830 2008 850 ‚
2042 813 2087 843 ut

1157 873 1305 902 notant
1328 866 1513 903 Navarr.
1540 874 1624 915 cap.
1646 876 1710 903 11.
1734 865 1782 903 de
1798 866 1889 904 Stat
1906 861 2089 903 Monach.

1155 924 1283 962 Garz.
1296 922 1343 960 de
1356 921 1478 975 benefi
1488 934 1580 975 par.
1601 934 1616 961 1
1632 936 1666 963 r.
1693 934 1777 975 cap.
1791 936 1829 962 2.
1861 935 1964 962 num.
1975 933 2016 972 4.
2037 920 2089 964 &⁹

1143 979 1262 1033 seqq.
1294 980 1498 1032 Barbosde
1506 982 1642 1034 potest.
1658 983 1823 1036 Episcop.
1840 982 2001 1036 allegat.
2017 994 2088 1032 72.

1156 1051 1260 1080 num.
1286 1051 1382 1087 190.
1409 1040 1508 1083 Flor.
1535 1041 1583 1080 de
1609 1056 1708 1083 men.
1742 1042 1850 1083 dicta
1874 1040 2000 1097 quaest.
2023 1053 2088 1081 ιο.

1155 1111 1246 1137 num
1264 1108 1334 1147 39.
1347 1099 1386 1139 T
1381 1100 1511 1140 ondut.
1526 1100 1653 1153 quaest.
1668 1102 1789 1154 benef
1800 1114 1936 1156 par.2.
1955 1113 2036 1153 cap.
2053 1113 2089 1141 1.

1159 1161 1197 1203 §.
1216 1168 1254 1205 ς.
1271 1171 1377 1196 num.
1397 1169 1413 1195 1
1428 1169 1467 1208 3.
1496 1163 1596 1201 Rota
1611 1174 1742 1201 coram
1759 1161 2009 1211 Dunoz.1'un.
2020 1161 2091 1202 de-

1157 1216 1223 1268 ciſs
1245 1218 1345 1270 368.
1362 1230 1466 1256 num.
1481 1230 1523 1268 4.
1545 1229 1628 1260 tam
1657 1220 1714 1262 ob
1745 1217 1923 1261 secutam
1953 1221 2092 1276 poste-

1158 1276 1243 1317 rius
1277 1275 1508 1332 longaevam
1525 1306 1539 1326 ‚
1570 1281 1609 1320 δε
1636 1279 1921 1321 continuatam
1946 1275 2093 1320 obser—

1154 1337 1339 1377 vantiam
1371 1336 1611 1381 instituendi
1644 1339 1869 1380 Saeculares
1899 1338 1922 1380 a
1939 1337 2093 1379 Mona-

1153 1396 1277 1439 sterio
1290 1393 1588 1450 praesentatos:
1618 1397 1711 1440 clim
1741 1397 1793 1439 ad
1809 1395 1996 1439 effectum
2015 1398 2094 1440 im-

1153 1454 1360 1509 primendi
1378 1469 1532 1498 novum
1544 1456 1688 1499 statum
1709 1454 1992 1500 saecularitatis
2021 1458 2093 1498 in.»

1154 1514 1366 1557 Beneficio
1383 1543 1396 1563 ,
1421 1515 1537 1567 juxta
1549 1530 1814 1559 communem
1826 1515 2091 1566 sententiam,

1154 1572 1325 1616 sufficiat
1358 1574 1622 1618 observantia
1651 1576 1925 1633 quadraginta
1957 1588 2092 1618 anno-

1155 1647 1244 1674 rum
1259 1662 1271 1682 ‚
1303 1634 1458 1676 etiamsi
1479 1636 1684 1677 constaret
1699 1635 1752 1678 de
1769 1635 1971 1678 anteriori
1986 1634 2092 1677 statu

1155 1694 1367 1736 contrario
1382 1721 1395 1742 ‚
1429 1695 1482 1736 ad
1496 1693 1618 1735 Text.
1636 1695 1678 1735 in
1693 1707 1775 1749 cap.
1790 1697 1890 1737 cam
1905 1696 1952 1736 de
1966 1696 2093 1736 Bene-

1142 1752 1238 1807 ficio
1259 1766 1297 1803 5.
1314 1755 1358 1795 de
1367 1754 1560 1807 praebend.
1577 1753 1617 1796 in
1632 1759 1673 1795 6.
1699 1753 1748 1798 ὁ
1778 1754 1833 1798 ibi
1861 1764 2001 1797 notata
2021 1765 2097 1808 per

1155 1817 1249 1867 Lap.
1261 1816 1376 1854 Butr.
1388 1815 1525 1855 Franc.
1543 1814 1763 1855 Geminian.
1784 1814 1832 1858 ὰ
1846 1815 1946 1855 alios
1975 1813 2095 1855 Felin.

1158 1871 1199 1911 in
1217 1885 1298 1927 cap.
1318 1875 1364 1912 In
1379 1872 1506 1921 nostra
1519 1888 1623 1915 num.
1640 1885 1709 1925 43.
1735 1875 1780 1916 de
1801 1873 1975 1928 rescript.
1998 1877 2095 1914 Dec.

1158 1932 1256 1984 cons.
1280 1944 1295 1971 1
1308 1937 1375 1972 26.
1394 1947 1496 1973 num.
1517 1947 1560 1985 4.
1589 1933 1726 1986 Rebufi
1744 1935 1864 1988 super
1877 1933 2094 1974 concordat.

1157 1992 1224 2034 tit.
1249 1992 1296 2032 dc
1313 1992 1505 2034 collation.
1524 1998 1562 2040 §.
1577 1993 1756 2037 Volumus
1769 2021 1782 2041 ‚
1799 1993 1913 2033 verb.
1928 1992 2098 2048 Regula-

1156 2052 1245 2099 ria,
1281 2051 1636 2112 Qintanaduenn.
1652 2052 1942 2107 Ecclesrtasticon.
1969 2052 2036 2094 lib.
2057 2064 2093 2092 1.

1154 2122 1237 2164 cap.
1255 2124 1297 2161 4.
1312 2125 1415 2152 num.
1433 2123 1499 2161 15.
1529 2112 1697 2154 Gonzal.
1723 2114 1779 2157 ad
1787 2112 1911 2168 regul.
1927 2110 2093 2154 cancell.

1150 2170 1258 2228 gl0ff2
1274 2171 1313 2210 8.
1329 2184 1432 2213 num.
1452 2183 1472 2222 3
1487 2185 1520 2212 1.
1554 2172 1663 2212 Se'lv.
1678 2172 1726 2212 de
1739 2186 1781 2213 re
1796 2171 1915 2224 benef:
1928 2183 2034 2224 part.
2054 2183 2094 2222 3.

1156 2228 1284 2284 quaest.
1302 2243 1318 2271 1
1331 2243 1367 2270 1.
1380 2246 1444 2271 nu.
1467 2243 1483 2270 1
1496 2244 1514 2270 2
1525 2243 1564 2281 7.
1583 2235 1734 2273 Lotter.
1749 2231 1815 2272 lib.
1826 2244 1861 2272 1.
1877 2231 2005 2286 quaest.
2023 2243 2094 2283 34.

1156 2303 1258 2332 num.
1273 2301 1345 2342 45.
1360 2291 1591 2343 Marescott.
1604 2290 1670 2332 lib.
1687 2303 1723 2332 1.
1738 2302 1846 2345 cap.5
1859 2302 1897 2339 ς.
1917 2295 2048 2332 num.6
2056 2303 2096 2341 7.

1157 2353 1284 2390 Garz.
1295 2361 1383 2403 par.
1404 2362 1447 2400 7.
1459 2363 1541 2404 cap.
1559 2363 1626 2391 10.
1642 2364 1747 2391 num.
1762 2364 1831 2403 37.
1848 2354 1938 2392 Rot.
1955 2351 2035 2391 dec.
2056 2364 2095 2391 2.

1156 2411 1205 2451 de
1214 2410 1404 2463 prebend.
1416 2409 1458 2449 in
1472 2423 1568 2450 nov.
1586 2425 1713 2451 coram
1729 2415 1882 2451 Duran.
1898 2414 1977 2450 dec.
1998 2421 2094 2459 244.

1157 2483 1262 2509 num.
1282 2482 1322 2518 7.
1349 2469 1402 2510 Et
1432 2469 1608 2510 maxime
1629 2468 1656 2509 fi
1672 2468 1924 2512 Beneficium
1949 2469 2096 2511 redeat

1159 2529 1211 2571 ad
1230 2526 1336 2569 suam
1350 2528 1599 2585 qualitatem
1617 2529 2037 2584 originariam‚prout
2051 2530 2095 2570 in

1159 2584 1278 2634 casu;
1308 2600 1398 2628 nam
1417 2585 1542 2629 facile
1562 2601 1627 2629 res
1644 2588 1844 2644 quaelibet
1867 2588 1917 2629 ad
1936 2589 2096 2643 ptimae-

1162 2662 1254 2690 vam
1273 2659 1453 2688 naturam
1471 2648 1695 2688 revertitur
1723 2649 1946 2703 leg.siunus
1959 2663 2012 2689 ex
2026 2662 2098 2687 ar-

1156 2705 1351 2764 gentarr’is
1369 2719 1438 2757 27.
1463 2711 1501 2754 §.
1521 2709 1666 2747 Eadem
1691 2707 1841 2749 ratione
1862 2707 1913 2763 ff
1932 2709 1978 2747 de
1987 2709 2097 2761 pac‘J.

1162 2766 1274 2823 Gloff
1276 2766 1317 2807 in
1331 2781 1415 2808 can.
1432 2768 1480 2808 ab
1497 2767 1657 2808 exordio
1670 2765 1755 2818 dist.
1762 2780 1782 2819 3
1794 2778 1832 2817 5.
1846 2768 2011 2808 Gonzal.
2023 2767 2094 2808 loc.

1163 2827 1231 2867 cit.
1247 2825 1296 2869 &¹
1306 2825 1411 2883 gloff.
1434 2838 1474 2873 7.
1493 2841 1597 2867 num.
1615 2828 1654 2868 8.
1683 2829 1774 2868 Rot.
1803 2825 1910 2867 dicta
1926 2827 2038 2881 decis.
2058 2839 2098 2869 2.

1161 2887 1208 2928 de
1212 2886 1409 2940 praebend.
1422 2885 1464 2926 in
1479 2900 1572 2928 nov.
1585 2900 1686 2927 num.
1708 2898 1746 2937 3.
1767 2887 1948 2941 adfinem
1963 2915 1975 2926 .

1221 2949 1301 2990 Hic
1329 2947 1428 2988 νει-ὸ
1460 2946 1612 2989 nedum
1641 2946 1973 3003 quadragenaria
1989 2960 2095 2989 con-

1166 3007 1294 3047 currit
1312 3004 1573 3059 observantia
1590 3035 1601 3054 ‚
1621 3003 1689 3047 sed
1709 3008 1946 3049 centenaria
1959 3034 1973 3054 ,
2006 3019 2098 3063 quae

1166 3064 1217 3106 ad
1235 3066 1354 3106 instar
1371 3066 1735 3113 immemorabilis,
1763 3067 1829 3108 cui
1843 3066 2101 3124 aequiparan-

1166 3136 1250 3174 tur,
1267 3125 1414 3174 efficit,
1431 3137 1475 3166 ut
1491 3125 1607 3181 possit
1626 3125 1799 3181 allegari
1813 3124 2010 3167 Beneficii
2027 3127 2102 3168 sta-

1168 3196 1234 3226 tus
1254 3186 1503 3232 Immutatio,
1521 3184 1602 3226 sive
1614 3198 1685 3240 per
1703 3185 1873 3227 Vicariae
1885 3197 2100 3242 perpetuae

1170 3245 1401 3297 legitimam
1415 3272 1427 3291 ‚
1445 3248 1483 3286 &
1499 3240 1724 3287 solemnem
1748 3246 2000 3288 erectionem
2018 3273 2031 3294 ,
2051 3245 2103 3286 li-

1170 3305 1239 3345 cet
1259 3304 1331 3345 illa
1349 3317 1432 3346 non
1452 3316 1647 3360 appareat
1665 3320 1676 3349 ;
1702 3303 1782 3347 sive
1810 3319 1884 3361 per
1899 3309 2103 3361 pastun»,

1172 3364 1438 3419 privilegium
1453 3391 1466 3412 ,
1495 3363 1676 3408 aliumve
1688 3364 1905 3408 meliorem
1919 3365 2104 3411 titulum,

1166 3425 1240 3482 qui
1253 3423 1390 3481 potest
1407 3422 1579 3483 quidem
1610 3438 1685 3524 pff
1695 3425 1982 3528 ¹pcizntenariam
1998 3423 2104 3490 alle·-

1998 3494 2105 3541 gari.
