2392 3736
608 140 1240 226 DeJurepatronatus
1258 139 1394 205 Par.
1419 142 1529 208 VI:

106 257 189 299 lem
207 246 462 295 reficiendam
477 246 817 304 adimpleverunt
831 276 844 297 ‚
864 252 906 290 &
920 249 1050 291 adim-

104 315 238 372 plent.
251 310 386 352 Primo
401 309 498 366 quia
513 307 748 351 Refidentia
762 310 787 350 a
798 310 1045 365 legantibus

105 382 300 432 promota
314 382 397 411 non
412 367 547 423 potest
566 365 645 409 esse
660 366 840 424 praecisa,
854 366 927 409 sed
943 381 1040 410 cau-.

103 433 235 477 sativa
251 458 262 470 .
291 427 486 470 Secundo
505 427 604 484 quia
624 428 815 484 exempla
830 428 1038 469 aliorum,

103 491 414 537 canonicorum
446 486 707 530 residentium
720 515 734 536 ‚
779 498 851 529 aut
892 487 1038 530 referri

102 547 267 608 possunt
292 547 346 588 ad
372 545 633 589 residentiam
663 545 913 590 causativam
930 576 944 596 ‚
965 559 1039 590 aut

99 621 151 653 -ut
167 607 387 664 plurimum
399 607 580 652 militant
603 609 647 650 in
659 608 887 650 Canonicis
904 609 1038 649 nomi-

14 664 15 669 ’
96 669 212 717 natis
243 666 297 709 ab
314 667 406 708 aliis
422 667 752 724 Compatronis,
780 680 866 710 non
889 668 932 709 in
957 667 1042 709 illis

102 729 332 772 nominatis
349 728 372 769 a
391 727 609 770 Belliardis
626 757 638 768 .

159 787 239 829 His
266 788 466 830 stantibus
480 815 496 837 ,
522 787 808 845 dignabuntur
837 787 920 830 EE.
935 789 1031 831 VV.

99 849 327 892 decernere
338 876 350 887 .

16 902 17 905 ¹
159 911 222 950 An
248 905 431 948 canonici
455 906 625 962 Ecclesia
652 906 872 962 Collegiatae
899 905 1038 961 Oppidi

100 969 165 1012 La
176 966 365 1010 nominati
374 978 447 1020 per
461 966 663 1008 Familiam
677 968 724 1007 de
736 966 950 1008 Belliardis
956 965 1038 1021 post

17 1061 20 1072 ,
101 1030 300 1071 decretum
318 1028 402 1067 Sac.
416 1026 741 1082 Congregationis
757 1025 916 1068 Concilii
929 1041 1035 1067 ema-

98 1097 237 1129 natum
250 1087 298 1127 de
311 1100 410 1127 anno
430 1098 446 1125 1
455 1091 572 1136 699„
590 1085 718 1140 &per
729 1086 888 1127 eandem
903 1085 1035 1127 Fami-

17 1168 21 1186 ι
99 1146 196 1188 liam
207 1145 446 1198 inposterum
460 1145 711 1193 nominandi,
739 1146 907 1186 habeant
937 1159 1032 1186 onus

0 1198 22 1253 ’,ἶ
82 1204 275 1261 formalis
291 1205 502 1261 residentiae
508 1204 894 1260 perfinalispraecisae
918 1204 960 1246 in
972 1219 1038 1261 σαῖ-

92 1266 142 1319 su
155 1264 239 1308 &cu

157 1324 373 1380 Neganve
388 1328 428 1368 &
441 1325 618 1380 amplius
631 1353 643 1363 .

410 1443 638 1486 Ferrarien.

345 1532 410 1572 18.
425 1531 576 1574 Martii
597 1545 613 1571 1
623 1544 645 1582 7
658 1544 722 1580 19.

8 1674 30 1737 ἑὲ
191 1649 838 1694 ,8οΜΜΑΚΙΠΜ.

10 1737 57 1786 '³1
119 1740 239 1800 M'ff'
254 1738 533 1782 conventualis
545 1739 598 1791 est
611 1738 847 1794 applicanda
866 1750 939 1794 pro
951 1745 1028 1783 Bes

26 1796 31 1812 '
150 1799 414 1854 nefaHoribus
429 1827 440 1839 .
457 1800 623 1854 Amplia
639 1810 682 1841 ut
699 1799 760 1841 ibi
777 1828 789 1838 .

28 1876 54 1905 2
119 1860 240 1918 Mff‘
257 1859 494 1901 parochialis
509 1857 572 1901 est
586 1860 613 1899 a
631 1859 799 1900 Parocho
812 1872 884 1915 pro
904 1865 1028 1917 Popu-

27 1922 31 1936 ⁴
147 1921 183 1960 lo
200 1919 431 1975 applicanda
445 1947 458 1959 .

28 1977 52 2035 k
115 1980 340 2036 Coppellani
353 1977 493 2020 Curati
501 1978 731 2019 amovibiles
758 1994 810 2021 an
844 1990 1028 2023 teneatur

144 2040 341 2095 applicare
364 2039 521 2096 Mtfficm
533 2038 801 2080 parochialem
817 2050 890 2092 pro
905 2040 1045 2096 Popu?

145 2101 182 2140 lo
201 2128 215 2148 ‚
233 2103 272 2143 δε
293 2112 402 2141 num.
417 2100 457 2139 8.

31 2155 35 2171 ¹
114 2159 348 2217 Dignitates
360 2186 373 2206 ‚
399 2156 602 2206 Canonici,
642 2158 908 2214 Mansionarii
919 2188 933 2209 ‚
974 2159 1026 2203 ἐφ’

145 2217 370 2273 Cappellani
381 2217 554 2271 Capituli
580 2227 763 2259 tenentur
781 2221 836 2260 ad
848 2219 1025 2273 applica-

148 2279 292 2322 tionem
310 2277 445 2336 ‹Miffie
460 2278 744 2319 conventualis
762 2290 835 2333 pro
856 2280 1026 2334 Benefa-

17 2364 38 2393 ,j
149 2338 319 2384 Hori-bue?
335 2368 347 2379 0

35 2394 57 2453 ῖς
119 2397 413 2443 celebrantibus
427 2426 440 2446 ,
483 2397 532 2440 ὼ
572 2397 854 2451 applicantibus
884 2398 1028 2458 Miffin·

35 2439 40 2496 l
148 2458 439 2501 conventuales
452 2458 649 2510 solvenda
666 2458 718 2510 est
736 2459 966 2518 eleemosyna
999 2458 1029 2500 ἆ

20 2500 41 2570 ,ἒ
152 2519 328 2574 capitulo
343 2547 355 2559 .

19 2561 66 2624 ΗΕ
125 2582 202 2620 Pro
232 2579 457 2636 eleemosyna
483 2577 691 2636 Mtffivrurn
706 2579 1030 2621 Conventualium

22 2634 43 2698 ῇ;
154 2648 335 2681 tenentur
358 2637 596 2680 contribuere
619 2652 674 2679 ex
691 2639 823 2697 Maffa
850 2637 1032 2690 distribu-

149 2702 302 2746 tionum
328 2711 456 2738 omnes
471 2696 744 2747 constituentes
769 2710 901 2751 corpus
914 2698 1033 2754 Capi-

30 2066 34 2099 ⁴,

149 2758 232 2801 ‘tuli
231 2761 324 2813 five
324 2757 408 2809 stne
422 2757 644 2798 Sacerdotes
660 2784 672 2804 ‚
679 2758 775 2812 five
789 2757 1033 2812 Diaconi‚si-

44 2864 46 2870 k
156 2833 212 2860 ve
226 2816 452 2858 subdiaconi
465 2846 477 2857 .

27 2871 70 2930 .37
128 2877 351 2932 Capitulum
363 2891 414 2916 an
427 2902 441 2924 ,
464 2874 514 2919 ὁ·
526 2877 680 2932 quando
690 2876 731 2916 in
740 2876 935 2930 posterum
944 2890 1034 2918 con-

154 2939 311 2980 tinuare
330 2946 512 2978 teneatur
527 2935 568 2976 in
584 2936 814 2977 recitatione
842 2937 1035 2978 Nocturni

45 3006 49 3029 ⁸
156 2999 182 3038 ἆ
201 2996 364 3038 mortuis
378 3024 392 3045 ‚
416 2994 462 3037 ὁ
474 2995 515 3036 in
529 2995 782 3038 celebratione
801 2995 924 3054 Miffe
943 3010 1036 3038 can-

157 3069 253 3100 tatae
270 3071 351 3097 cum
368 3054 623 3109 applicatione
644 3056 776 3109 prima
793 3055 855 3096 die
872 3057 1034 3109 cujusli-

157 3117 219 3159 bet
237 3118 372 3171 mensis
388 3143 401 3164 ‚
428 3128 502 3156 non
518 3114 705 3170 impedita
715 3128 790 3172 pro
805 3116 1035 3171 Benefal't'o-

180 3190 192 3217 t
219 3191 263 3216 ur
277 3205 288 3216 .

47 3250 72 3284 f)
129 3178 368 3293 Eleemosjma
399 3234 523 3292 M'ffi‘
534 3235 770 3277 Parochialis
791 3247 864 3291 pro
893 3237 1032 3291 Populo

49 3283 54 3337 l
159 3311 210 3336 an
225 3325 238 3343 ,
269 3296 318 3338 ὼ
348 3296 502 3351 quando
514 3297 574 3350 sit
589 3295 787 3347 solvenda
812 3296 840 3337 d
856 3297 1032 3351 Capitulo

0 3391 3 3394 .
51 3348 55 3386 l
161 3354 400 3408 cappellanis
413 3354 575 3396 Curatis
590 3355 863 3400 amovibilibus
871 3373 884 3404 3
899 3356 948 3402 ὠ·
963 3372 1032 3400 un-

51 3395 57 3446 l
161 3415 272 3469 desit
284 3414 512 3474 desumenda
527 3431 539 3463 5
556 3426 667 3462 num.
688 3429 754 3469 10,

51 3449 57 3510 l
159 3478 262 3531 Pars
275 3477 341 3519 VI.

1967 166 2055 228 40
2066 171 2095 228 3

1376 319 1507 366 Seis-23.
1523 333 1626 366 capa.
1638 322 1677 356 de
1689 323 1834 358 Reform.

1230 425 1272 466 N
1316 426 1514 468 Pastorali
1540 426 1791 469 Vifitatione
1833 432 2003 484 expleta
2046 432 2099 472 ab

1246 486 1568 529 Eminentisiimo
1585 488 1773 529 Domino
1791 488 2004 530 Cardinali
2020 490 2103 531 Ru-

1157 544 1204 586 fo
1230 543 1436 601 Episcopo
1454 545 1683 588 Ferrarien.
1718 545 1887 588 fuerunt
1915 550 1966 588 ab
1989 550 2101 590 Emi-

1164 606 1307 645 nentia
1323 606 1402 647 Sua
1414 606 1527 647 edita
1537 606 1739 649 nonnulla
1760 608 1942 648 Decreta
1956 636 1968 655 ,
1998 610 2037 648 &
2052 607 2102 648 fi-

1165 676 1374 718 gnanter,
1405 665 1522 722 quod
1548 667 1591 708 in
1620 665 1867 710 Cathedrali
1896 665 2103 708 Ecclefia..

1148 722 1268 765 Missa
1301 725 1614 767 Conventualis
1646 740 1724 781 pro
1753 725 2103 768 Benefactoribus

1149 785 1411 838 applicetur,
1447 788 1486 826 δι
1506 785 1624 841 quod
1641 785 1887 841 Capitulum
1907 798 2103 828 teneatur

1156 843 1463 900 eleemosynam
1489 845 1656 901 elargiri
1690 846 1964 901 Cappellanis
1997 846 2102 893 illis,

1157 904 1262 959 qui,
1293 903 1409 955 juxta
1425 901 1769 947 consuetudinem
1786 933 1800 954 ,
1834 902 1972 947 Missas
1990 906 2104 947 cele-

1158 962 1280 1004 brant
1296 965 1635 1006 Conventuales.
1651 967 1745 1006 Fuit
1763 966 1939 1008 ulterius
1955 966 2006 1007 ab
2027 979 2105 1008 eo-

1155 1021 1251 1063 dem
1270 1024 1595 1067 Eminentiffimo
1617 1022 1824 1081 Episcopo
1838 1025 1996 1068 editum
2013 1027 2104 1068 De-

1154 1092 1314 1122 cretum
1330 1110 1344 1129 ,
1385 1084 1501 1140 quod
1514 1086 1764 1140 Cappellani
1779 1087 1927 1128 Curati
1943 1114 1957 1134 ,
1986 1087 2059 1142 qui
2078 1084 2103 1126 a

1152 1141 1355 1196 Capitulo
1371 1143 1644 1185 Cathedralis
1670 1144 1857 1187 Ecclefiae
1892 1146 2104 1187 amovibi-

1156 1200 1256 1242 liter
1273 1200 1527 1257 deputantur
1547 1217 1624 1258 pro
1641 1205 1846 1246 exercitio
1868 1218 1975 1247 curae
1995 1205 2103 1247 Ani-

1155 1273 1314 1303 marum
1331 1289 1345 1309 ,
1374 1275 1548 1319 quarum
1573 1263 1797 1305 habitualis
1829 1277 1926 1305 cura
1952 1263 2104 1305 residet

1156 1333 1231 1362 aut
1243 1321 1373 1376 penes
1391 1322 1820 1379 Archipresbyterum
1836 1351 1850 1371 ,
1881 1326 1943 1366 uti
1970 1324 2105 1365 habe-

1155 1391 1222 1421 tur
1237 1381 1279 1422 in
1298 1381 1429 1422 Bullis
1446 1382 1695 1437 provisionis
1709 1382 1891 1434 ejusdem
1908 1411 1920 1431 ,
1938 1395 2009 1424 aut
2026 1398 2104 1439 pe-

1153 1440 1230 1482 nes
1244 1440 1686 1498 Archipresbyterum‚
1701 1446 1739 1485 &
1756 1443 2016 1499 Capitulum,
2039 1443 2104 1485 uti

1153 1499 1310 1557 legitur
1338 1502 1380 1542 in
1412 1501 1581 1544 Statuto
1612 1502 1802 1558 Capituli
1834 1515 1917 1556 cap.
1939 1517 1958 1542 2
1969 1515 2007 1553 3.
2037 1506 2104 1545 te-

1152 1570 1329 1601 neantur
1358 1560 1511 1604 diebus
1529 1563 1769 1604 Dominicis
1787 1590 1801 1611 2
1827 1565 1864 1604 δι
1895 1560 2007 1603 festis
2024 1577 2102 1618 pro

1152 1619 1318 1674 Populo
1337 1619 1595 1663 Sacrificium
1609 1620 1758 1664 offerre
1774 1650 1788 1670 ‚
1823 1625 1862 1664 δι
1878 1622 1997 1678 quod
2015 1625 2103 1667 Ca-

1149 1678 1330 1734 pitulum
1361 1679 1514 1722 debeat
1543 1680 1654 1722 hisce
1671 1681 1946 1737 Cappellanis
1962 1684 2103 1726 Cura-

1150 1739 1208 1780 tis
1232 1752 1310 1794 pro
1343 1739 1468 1783 distis
1487 1740 1615 1782 Miffis
1646 1739 1955 1799 eleemosynam
1985 1742 2099 1788 dart-'3

1146 1798 1346 1855 Cumque
1372 1799 1575 1842 adversus
1600 1800 1686 1842 haec
1707 1802 1896 1844 Decreta
1928 1803 2101 1844 habitus

1147 1856 1276 1900 fuerit
1304 1858 1327 1899 a
1343 1858 1544 1914 Capitulo
1577 1859 1765 1903 recursus
1803 1863 1857 1903 ad
1894 1863 2001 1904 hanc
2026 1863 2102 1904 Sa-

1150 1932 1261 1961 cram
1277 1920 1670 1974 Congregationem
1687 1947 1700 1967 ‚
1739 1922 2011 1964 examinanda
2033 1922 2100 1963 id-

1150 1978 1266 2021 circo
1311 1991 1607 2035 proponuntur
1650 1979 1779 2022 dubia
1827 1981 1936 2025 infra
1967 1996 2100 2039 expo-

1159 2038 1325 2080 nenda.

1212 2102 1339 2140 Putat
1353 2111 1491 2141 autem
1508 2100 1751 2156 Capitulum
1765 2101 1918 2144 nullam
1937 2102 2010 2144 fibi
2026 2103 2100 2149 im·-

1149 2156 1325 2212 pofitam
1341 2156 1420 2201 effe
1432 2160 1737 2214 obligationem
1751 2161 1988 2217 applicandi
2002 2160 2100 2202 Mis-

1149 2215 1231 2258 sam
1254 2219 1596 2262 Conventualem
1631 2235 1707 2276 pro
1740 2220 2098 2270 Benefastoribus‚

1148 2287 1235 2318 tum
1269 2279 1367 2334 quia
1394 2279 1446 2320 ab
1464 2279 1790 2322 immemorabili
1812 2294 2021 2338 nunquam
2038 2281 2102 2323 fa-

1148 2341 1210 2380 cta
1225 2335 1303 2378 fuit
1319 2338 1428 2381 dicta
1443 2339 1673 2393 applicatio
1694 2369 1708 2388 ‚
1739 2351 1826 2381 tum
1844 2344 1942 2397 qula
1959 2343 2102 2399 quoli-

1148 2397 1222 2439 bet
1238 2395 1376 2439 mense
1392 2427 1406 2447 ‚
1439 2399 1463 2439 a
1478 2398 1679 2454 Capitulo
1700 2427 1712 2446 ‚
1740 2399 1868 2454 prima
1887 2400 1955 2441 die
1987 2415 2100 2442 non..-

1149 2457 1354 2510 impedita
1369 2485 1382 2503 ,
1420 2457 1624 2499 recitatur
1658 2460 1903 2500 nocturnum
1936 2461 1960 2501 a
1980 2460 2100 2503 Mor-

1152 2518 1238 2559 tuis
1256 2530 1348 2557 cum
1364 2515 1587 2563 laudibus,
1625 2521 1664 2559 &
1680 2514 1797 2558 Missa
1813 2517 1865 2559 de
1880 2521 2100 2576 requiem

1153 2590 1231 2632 pro
1244 2574 1588 2617 Benefatstoribus
1605 2575 1982 2625 decantatur,u1tra
1998 2580 2100 2622 Mis-

1154 2635 1234 2677 sam
1254 2634 1277 2676 ὲ
1296 2636 1474 2678 rubricis
1489 2632 1781 2691 praescriptam,
1803 2637 1863 2679 uti
1881 2639 2038 2693 legitur
2054 2642 2097 2683 in

1153 2707 1235 2749 cap.
1259 2707 1327 2747 27.
1355 2696 1507 2738 Statuti
1537 2695 1780 2751 Apostolica
1811 2697 2097 2742 Auctoritate,

1153 2756 1345 2798 roborati
1377 2755 1401 2798 a
1433 2759 1602 2799 Summo
1631 2755 1836 2798 Pontifice
1869 2759 2096 2802 Clemente

1153 2816 1341 2871 Septimo
1358 2844 1371 2864 ,
1406 2818 1499 2858 &in
1513 2829 1566 2858 eo
1589 2818 1707 2873 quod
1723 2818 1873 2859 attinet
1889 2819 1941 2860 ad
1962 2821 2098 2875 appli-

1154 2877 1365 2918 cationem
1395 2874 1629 2918 faciendam
1657 2891 1734 2931 pro
1752 2877 1916 2933 Populo
1944 2880 2095 2922 diebus

1152 2936 1395 2978 Dominicis
1412 2963 1425 2984 ‚
1442 2939 1482 2978 δε
1494 2935 1607 2978 festis
1622 2964 1635 2984 ,
1653 2938 1676 2978 a
1693 2938 1967 2993 Cappellanis
1983 2968 1996 2988 ‚
2018 2941 2094 2997 qui

1154 3008 1353 3037 exercent
1368 3009 1506 3038 curam
1524 2996 1767 3038 Animarum
1783 3025 1796 3044 ,
1820 3000 2095 3054 Capitulum..-

1152 3054 1308 3105 subdit,
1328 3056 1693 3098 Parochialitatem
1710 3054 1827 3098 fuisse
1843 3058 2095 3102 Cathedrali

1152 3130 1356 3159 annexam
1373 3114 1529 3172 absque
1548 3115 1633 3157 ulla
1649 3130 1843 3172 congruae
1858 3118 2095 3176 affignatio-

1154 3191 1207 3218 ne
1221 3204 1235 3225 ‚
1260 3176 1353 3218 clim
1369 3174 1495 3217 fuerit
1507 3176 1755 3218 Cathedrali
1770 3176 1962 3235 affignata
1979 3178 2093 3222 sexta

1151 3250 1246 3293 pars
1267 3237 1476 3277 Parochiae
1493 3235 1533 3275 S.
1554 3236 1754 3286 Romani,
1785 3251 1875 3294 quae
1901 3241 2094 3281 continet

1152 3297 1327 3338 Animas
1342 3308 1441 3346 300·
1471 3299 1511 3337 &
1535 3309 1586 3338 ex
1602 3309 1684 3354 qua
1702 3297 1918 3339 tenuiffimi
1936 3298 2094 3343 fructus

1151 3357 1302 3396 incerti
1320 3356 1608 3411 percipiuntur
1621 3385 1634 3405 ‚
1651 3358 1724 3414 qui
1742 3372 1819 3412 pro
1834 3358 1982 3411 majori
1999 3373 2093 3414 par-

1150 3426 1193 3458 te
1205 3415 1402 3459 Sacristiae
1415 3415 1603 3459 Ecclesiae
1623 3417 1897 3472 applicantur,
1911 3417 2094 3461 inferen-

1603 3477 1637 3519 E
1655 3490 1678 3519 e
1697 3491 1720 3519 e
1769 3490 1791 3518 2
2033 3476 2091 3521 do
