2392 3736
35 2446 42 2498 i

607 152 1245 241 DeJurep'atronatus
1269 154 1402 218 Par.
1432 154 1538 219 VI.

110 252 238 305 po'tes
256 243 427 302 'aliquis'
442 239 695 296 reperiretur
713 243 920 285 Sacerdos
946 243 1047 285 ido-

111 318 215 351 neus
231 332 246 353 ‚
262 305 335 362 qui
353 303 499 346 dietam
518 301 764 356 Cappellam
781 301 916 344 vellet
930 302 1045 344 obti-

110 364 286 410 nere.=1n
305 363 450 404 eadem
465 372 638 418 quoque
657 359 931 405 transactione
945 375 1046 405 con-

109 435 282 471 ventum
295 420 375 463 fuit
392 447 406 469 ‚
423 432 468 462 ut
485 433 562 478 pro
579 421 801 463 dotatione
819 421 1046 476 Cappella-

106 487 185 530 niae
201 509 216 531 ,
246 477 316 522 seu
333 493 411 535 pro
427 476 695 535 eleemosyna
712 479 954 522 Sacerdotis
973 494 1046 522 ce-

106 544 270 588 lebrare
297 539 522 587 debentis,
550 536 815 586 solverentur
844 538 956 582 scuta
972 552 1043 590 40.

105 610 286 648 monetae
306 599 488 648 Urbini,
517 602 556 641 δι
570 599 652 641 alia
667 596 780 642 scuta
798 614 837 640 2.
859 598 1043 651 ejusdem

101 670 288 707 monetae
315 672 392 716 pro
421 657 557 701 solitis
573 658 814 701 utenfilibus
831 660 1044 708 Sacristiae,

103 719 179 766 sed
203 719 296 762 cum
323 731 434 760 anno
457 729 583 769 1715.
609 715 840 774 Episcopus
855 718 1045 761 Fanensis

107 775 398 834 eleemosynas
428 775 636 819 Miffarum
674 779 836 821 auxerit
880 778 905 820 ὲ
937 779 1058 830 julio.

106 852 194 885 uno
207 849 382 880 monetae
395 837 562 884 Urbini,
579 836 632 878 ad
646 836 790 888 julium
811 852 934 880 unum
950 853 1044 881 mo-

107 911 216 943 netae
231 897 423 940 Romanae
440 923 454 945 ,
482 909 592 939 nova
614 908 760 939 exorta
790 901 847 942 est
865 909 1041 940 contro-

106 958 238 1005 versia
249 959 358 999 inter
372 955 622 999 Alavolinos
637 983 651 1003 ‚
669 959 707 997 &
725 961 868 1000 Patres
885 986 898 1006 ,
926 969 1038 999 tarn-a

109 1017 230 1075 super
246 1017 464 1059 validitate
478 1013 760 1058 transactionis
775 1044 788 1064 ‚
819 1017 944 1074 quam
974 1013 997 1056 s
992 1029 1038 1057 u-

104 1092 184 1136 per
197 1086 422 1135 augmento
438 1075 583 1126 dotis,
599 1072 668 1118 seu
682 1075 924 1124 reductione
939 1073 1039 1118 Mis-

104 1136 239 1182 sarum
256 1165 269 1178 .

103 1228 112 1234 »Α
167 1197 448 1242 Contendunt
473 1210 610 1243 autem
630 1200 772 1242 Patres
800 1196 1040 1242 transaetio-

99 1271 203 1301 -nem
233 1271 318 1300 non
350 1255 554 1304 sustineri;
584 1261 718 1314 primo
734 1287 748 1307 ‚
772 1260 872 1315 quia
904 1257 1040 1300 defuit

103 1317 417 1374 beneplacitum
427 1317 735 1372 Apostolicum,
765 1328 846 1360 tam
866 1318 918 1361 de
933 1318 1039 1370 jure,

105 1377 234 1434 quam
251 1390 301 1418 ex
315 1375 533 1418 voluntate
545 1378 884 1419 contrahentium
901 1378 1040 1433 requi-

101 1436 238 1479 fitum.
252 1434 446 1477 Secundo
461 1437 560 1491 quia
575 1449 658 1479 non
675 1437 934 1479 obstantibus
949 1434 1040 1477 sen-

98 1496 248 1540 tentiis
269 1494 573 1536 favorabilibus
591 1496 780 1538 obtentis
796 1524 810 1543 ,
837 1497 898 1537 uti
930 1496 1040 1536 dixi-

96 1564 195 1600 mus
212 1583 226 1604 ,
243 1558 282 1597 &
298 1554 473 1609 prolatis
487 1553 633 1598 favore
645 1559 825 1603 Patrum,
838 1554 918 1597 fuit
935 1567 1041 1596 con-

100 1612 254 1659 cessum
268 1612 574 1666 Alavolinojus
590 1614 780 1670 paffivum
806 1628 882 1669 pro
895 1612 973 1655 suis
990 1612 1040 1654 fi-

104 1675 209 1723 liis,
228 1672 454 1729 nepotibus
467 1699 479 1721 ,
494 1676 533 1716 δι
551 1670 894 1716 descendentibus
911 1702 924 1722 ,
942 1687 1041 1730 qua-

106 1745 230 1777 tenus
245 1735 354 1775 inter
375 1745 452 1774 eos
472 1731 624 1791 aliquis
641 1733 1039 1777 idoneusSacerdos

106 1793 358 1850 reperiretur
370 1819 381 1831 .
398 1791 560 1842 Tertio,
573 1795 673 1850 quia
684 1793 734 1835 ad
751 1795 940 1837 tramites
961 1794 1042 1836 Te,-

106 1853 299 1896 stamenti
313 1878 327 1899 ‚
361 1851 545 1894 dotanda
572 1864 660 1895 erat
691 1853 966 1909 cappellania
997 1854 1040 1894 in

107 1911 296 1956 cenfibus
311 1938 323 1958 ‚
340 1911 466 1954 autin
482 1912 606 1954 rebus
619 1912 901 1956 consimilibus
915 1941 928 1962 ,
954 1925 1043 1969 quo

107 1972 240 2015 stante
252 2000 266 2020 ‚
283 1984 366 2013 non
384 1982 472 2012 erat
486 1969 716 2027 permissum
730 1973 962 2016 Alavolino
975 1969 1041 2013 su-

107 2030 266 2088 scipere
295 2032 337 2072 in
352 2028 392 2071 se
413 2043 519 2072 onus
533 2030 724 2076 solvendi
741 2031 854 2075 scuta
866 2046 936 2083 40.
952 2047 1042 2075 mo-

32 2095 35 2105 ²
95 2102 214 2135 .netae
229 2090 380 2133 Urbini
396 2106 409 2136 ς
438 2092 591 2147 quarto
608 2091 774 2133 tandem
789 2120 802 2140 ,
832 2094 931 2149 quia
946 2094 1039 2135 cum

108 2162 305 2207 ageretur
329 2148 382 2206 de
410 2150 682 2206 Cappellania
705 2165 930 2207 perpetua,
974 2152 1040 2193 sti·-

0 2241 4 2250 .
34 2227 38 2271 3
108 2211 308 2268 pendium
328 2221 411 2251 non
427 2220 596 2264 poterat
614 2213 743 2252 taxari
764 2212 817 2252 ad
834 2213 1038 2253 rationem

109 2267 385 2325 eleemosynae
402 2271 601 2312 manualis
616 2297 629 2318 ,
658 2273 696 2312 &
712 2271 754 2311 in
772 2284 823 2312 eo
841 2271 957 2327 quod
975 2282 1040 2312 at-

0 2351 2 2377 ;
30 2349 40 2384 i
107 2330 213 2371 tinet
230 2328 281 2370 ad
297 2327 624 2382 supplementum
645 2329 905 2378 dotationis,
934 2344 1038 2372 con-

38 2426 39 2438 2
106 2389 288 2431 tendunt
316 2386 441 2429 iidem
462 2389 603 2430 Patres
629 2389 785 2430 debere
803 2386 879 2431 esse
896 2390 1036 2432 locum

95 2446 423 2505 supplemento,
459 2450 498 2489 &
530 2461 612 2489 non
641 2448 872 2491 reductioni
900 2447 1037 2491 Missa-

35 2502 75 2570 ξι
102 2519 221 2551 παι.
250 2508 292 2550 Si
322 2509 474 2549 etenim
504 2508 691 2550 Testator
721 2507 855 2550 voluit
873 2536 886 2556 ,
917 2509 1036 2566 quod

108 2567 382 2623 cappellania
396 2580 678 2622 congruenter
695 2566 911 2610 dotaretur
925 2596 938 2616 ,
962 2569 1037 2610 sta-

109 2626 185 2668 tim
211 2639 257 2669 ac
280 2640 465 2684 congrua
493 2626 659 2668 dotatio
699 2627 804 2668 facta
830 2640 913 2669 non
941 2626 1035 2677 fuit,

110 2698 196 2728 non
227 2686 358 2740 potest
386 2684 463 2728 effe
491 2686 611 2728 locus
641 2686 873 2729 reductioni
900 2686 1034 2729 Missa-

109 2758 198 2787 rum
218 2742 312 2793 ‚sed
329 2742 616 2801 supplemento
633 2746 746 2788 dotis
762 2775 773 2787 .

97 2828 132 2843 ->
169 2803 446 2848 Contendunt
462 2805 486 2848 ὲ
499 2818 643 2848 contra
656 2806 873 2849 Alavolini
889 2834 902 2854 ‚
920 2807 1036 2864 quod

107 2862 328 2906 transaffio
356 2862 622 2913 sustineatur;
651 2867 704 2907 de
737 2866 952 2908 existentia
988 2866 1036 2907 fi-

106 2924 279 2980 quidem
299 2924 388 2965 litis
417 2936 499 2967 non
518 2925 681 2968 videtur
708 2926 888 2967 dubitari
910 2925 1036 2979 posse,

105 2981 222 3026 sicuti
257 2995 332 3024 nec
348 2983 401 3024 de
418 2981 486 3039 spe
502 2985 711 3038 probabili
729 2985 953 3027 obtinendi
970 2999 1036 3027 re-

105 3043 373 3087 vocationem
394 3044 712 3099 praecedentium
728 3042 1036 3093 sementinum,

104 3101 199 3144 cum
233 3101 400 3159 quaestio
431 3100 531 3144 esset
558 3100 676 3159 super
694 3102 962 3159 possessorio,
997 3108 1037 3147 δε

104 3160 178 3217 ipfi
194 3162 478 3218 praecedenter
492 3161 745 3205 devenissent
772 3163 823 3205 ad
844 3165 1035 3206 nomina·

106 3220 265 3263 tionem
282 3222 634 3277 cappellanorum
650 3239 662 3269 3
678 3221 856 3280 cumque
875 3223 1032 3266 utilitas

105 3279 270 3321 Parrum
302 3294 352 3322 ex
371 3280 642 3324 transactione
666 3284 917 3337 proveniens
929 3297 1034 3325 con-

106 3337 209 3380 sistat
227 3339 268 3381 in
285 3339 371 3390 jure
387 3343 460 3397 per
474 3339 642 3384 eosdem
658 3341 859 3399 acquisito
875 3370 888 3390 ‚
924 3343 1033 3385 circa

106 3408 346 3503 perppetularln
361 3401 678 3459 deputationem
693 3399 877 3447 Praefccti
892 3402 1027 3446 Sacri-

195 3471 264 3497 als
324 3486 338 3501 o

1978 175 2066 236 40
2081 177 2103 218 1

1168 243 1250 285 stiae
1265 243 1308 286 in
1324 243 1631 300 Cappellanum
1645 271 1659 291 ,
1677 241 1860 286 inferunt
1877 243 1982 286 nihil
1996 243 2111 285 aliud

1165 302 1325 359 requiri
1338 316 1416 358 pro
1431 302 1653 343 validitate
1666 302 1928 346 transactioni
1934 304 2111 350 s,etiam.

1165 359 1193 403 fi
1218 359 1403 402 defuerit
1435 360 1749 416 beneplacitum
1776 362 2112 416 Apostolicunu,

1165 431 1253 462 tum
1270 421 1370 478 quia
1385 418 1465 462 fuit
1484 419 1737 462 reservatum
1751 422 1792 461 in
1810 421 1903 462 casu
1919 449 1931 468 ,
1962 423 2002 464 in
2021 436 2109 479 quo

1165 479 1264 522 effer
1295 479 1558 522 necessarium
1576 508 1590 528 ‚
1631 491 1718 520 tum
1752 481 1850 536 quia
1867 480 2112 535 beneplaci-

1166 551 1254 581 tum
1271 541 1499 597 requiritur
1514 541 1556 583 in
1576 537 1854 582 transactione
1873 565 1886 586 ,
1902 539 1944 579 in
1964 553 2046 594 qua
2061 538 2108 582 fit

1165 599 1368 641 alienatio
1387 599 1593 643 stabilium
1609 628 1624 648 ‚
1651 602 1690 642 &
1707 611 1792 639 non
1810 599 1851 639 in
1868 598 2110 640 transactio-

1167 672 1220 701 ne
1236 687 1249 707 ‚
1266 661 1308 702 in
1328 672 1411 717 qua
1428 661 1570 702 Patres
1588 658 1896 716 acquifiver-unt
1911 656 1975 707 jus
1992 658 2109 713 paff-

1165 732 1263 761 vum
1277 730 1487 774 perpetuae
1505 719 1803 776 Cappellaniae.
1819 716 1994 759 Addunt
2013 718 2108 760 Ala-

1165 779 1301 822 volini
1323 792 1408 821 non
1436 778 1516 822 effe
1544 781 1687 823 locum
1718 778 1950 820 reductioni
1968 775 2107 819 Missa-

1163 852 1279 886 rum,
1311 852 1387 880 nec
1410 851 1639 896 augmento
1664 840 1806 886 dotis,
1842 849 1928 880 tum
1946 841 2045 894 quia
2062 839 2104 881 in

1162 898 1355 941 Civitate
1384 900 1483 941 Fani
1529 899 1678 941 adsunt
1704 899 1791 940 aliae
1820 896 2106 953 Cappellaniae

1159 969 1370 1013 perpetuae
1386 972 1479 1000 cum
1496 958 1670 1015 fimplici
1684 955 1951 1014 eleemosyna
1969 954 2106 1000 scuto-

1159 1030 1249 1061 rum
1273 1022 1342 1067 36.
1361 1030 1538 1072 monetae
1555 1020 1733 1068 Urbini,
1753 1019 1859 1059 itaut
1874 1031 1947 1073 per
1959 1015 2106 1059 conse-

1158 1089 1293 1133 quens
1326 1077 1427 1128 justa
1445 1106 1458 1126 ‚
1488 1082 1527 1120 &
1556 1079 1916 1135 proportionataa
1931 1076 2102 1120 fortiori

1160 1136 1394 1191 reputanda
1406 1136 1452 1178 fit
1468 1138 1563 1186 dos,
1578 1140 1631 1181 de
1647 1152 1729 1196 qua
1746 1152 1854 1180 nunc
1871 1139 2026 1194 agitur,
2040 1148 2104 1179 ut·-

1160 1196 1266 1251 pote
1282 1196 1505 1238 constituta
1522 1198 1564 1240 in
1583 1196 1708 1240 scutis
1725 1211 1796 1247 42.
1812 1197 1992 1248 ejusdem
2011 1211 2104 1239 mo-

1162 1268 1294 1302 netae3
1317 1267 1403 1297 tum
1421 1258 1520 1314 quia
1538 1260 1710 1312 punc‘tus
1728 1258 1983 1300 reductionis
2000 1254 2102 1297 Mis-

1161 1313 1291 1357 sarum
1307 1342 1321 1362 ‚
1352 1315 1419 1357 vel
1438 1319 1651 1373 augmenti
1672 1318 1787 1360 dotis
1802 1314 1949 1358 discuti
1964 1315 2100 1372 posse)

1161 1375 1356 1422 videtur,
1386 1375 1477 1418 cum
1497 1379 1681 1433 contigit
1712 1376 1989 1418 deterioratio
2005 1374 2101 1418 fun·

1160 1434 1309 1477 dorum
1327 1434 1619 1490 affignatorum
1637 1465 1650 1485 ,
1672 1434 1786 1478 secus
1806 1447 1943 1478 autem
1957 1464 1970 1484 ‚
1989 1449 2100 1493 quo-

1163 1496 1245 1536 ties
1262 1523 1276 1542 ‚
1291 1506 1418 1551 prout
1430 1496 1472 1537 in
1490 1494 1598 1544 casu,
1613 1496 1724 1539 nulla
1741 1497 1893 1537 accidit
1911 1497 2100 1538 deterio-

1162 1555 1273 1597 ratio
1291 1582 1303 1601 ,
1324 1555 1417 1596 cum
1431 1555 1578 1596 eadem
1597 1554 1757 1610 semper
1772 1556 1916 1610 vigeat
1930 1555 2099 1610 obliga-

1162 1615 1224 1656 tio
1239 1611 1509 1669 persolvendi
1527 1628 1659 1657 annua
1673 1613 1783 1656 scuta
1798 1628 1871 1666 4²·
1901 1613 2098 1670 Absque,

1164 1687 1218 1715 eo
1236 1673 1354 1730 quod
1382 1674 1613 1731 quidquam
1631 1673 1783 1716 referat
1803 1674 1980 1716 edietum
2000 1674 2099 1729 Epi-

1161 1730 1278 1789 scopi
1312 1747 1470 1789 augens
1486 1732 1793 1789 eleemosynam
1808 1732 1930 1775 Miffae
1955 1734 2097 1786 ajulio

1165 1807 1250 1835 uno
1267 1803 1442 1835 monetae
1459 1794 1611 1835 Urbini
1640 1794 1691 1835 ad
1704 1794 1849 1844 julium
1870 1807 1993 1835 unum
2010 1809 2099 1837 mo-

1165 1864 1269 1896 netae
1285 1852 1479 1894 Romanae
1494 1880 1508 1900 ,
1526 1854 1873 1910 quandoquidem
1888 1855 2099 1896 edicturm

1162 1913 1355 1969 loquitur
1370 1912 1423 1954 de
1441 1911 1562 1955 Miffis
1577 1913 1838 1956 manualibus
1859 1941 1873 1962 2
1891 1917 1929 1956 ὃ(
1946 1926 2030 1957 non
2045 1913 2099 1956 de

1160 1971 1288 2013 Miffis
1304 1973 1518 2028 perpetuis
1531 2001 1544 2013 .

1220 2032 1297 2075 His
1317 2032 1516 2075 stantibus
1531 2061 1544 2082 ‚
1572 2034 1860 2090 dignabuntur
1891 2035 1971 2078 EE·
2001 2035 2094 2078 VV-

1159 2091 1389 2135 decernere
1401 2121 1413 2133 .

1103 2164 1126 2204 3
1190 2155 1221 2193 Ι.
1252 2158 1311 2193 An
1328 2153 1787 2206 transaHiosustineatur
1805 2183 1819 2204 ‚
1839 2154 1888 2198 &⁴
1903 2165 2095 2211 quatenus

1156 2210 1397 2264 affirmativ?
1415 2241 1428 2260 ‚
1441 2214 1516 2265 stu
1531 2214 1719 2268 negative}
1733 2244 1745 2255 .

1099 2286 1128 2325 4
1188 2271 1240 2311 11.
1272 2275 1331 2311 An
1330 2275 1391 2327 sit
1404 2271 1505 2313 locus
1518 2285 1721 2328 augmento
1738 2273 1842 2315 dotis
1856 2301 1870 2322 ‚
1897 2275 1970 2316 vel
1978 2275 2096 2315 redu-

1157 2330 1276 2372 Hioni
1291 2332 1496 2388 Mtffizrum
1512 2361 1524 2380 ,
1539 2332 1580 2373 in
1595 2335 1682 2386 casu
1703 2333 1785 2376 &a

1214 2390 1284 2431 Ad
1301 2393 1498 2446 primum3
1517 2393 1743 2447 Negative,
1756 2393 1805 2436 ὠ*
1819 2398 1963 2436 Patres
1979 2405 2093 2435 utan-

1156 2460 1223 2492 tur
1229 2451 1322 2500 jure
1327 2451 1400 2502 suo
1415 2453 1545 2504 quoad
1552 2452 1661 2492 litem
1672 2479 1683 2491 .

1216 2508 1285 2549 Ad
1303 2506 1551 2556 secundum
1572 2509 1709 2553 Teneri
1735 2513 1791 2553 ad
1821 2511 2094 2555 dotationem...

1150 2579 1270 2622 prout
1285 2569 1432 2621 dejure
1446 2599 1458 2611 .

1353 2686 1548 2731 Casulen.
1565 2688 1828 2732 Refidentiae.

1406 2808 1472 2850 18.
1490 2808 1643 2851 Martii
1660 2821 1709 2861 17
1722 2822 1788 2860 19.

1284 2925 1311 2967 S
1341 2927 1384 2967 U
1412 2927 1458 2970 M
1489 2928 1533 2968 M
1566 2930 1604 2970 A
1637 2929 1671 2970 R
1701 2932 1719 2971 Ι
1749 2930 1792 2970 U
1821 2928 1867 2970 M
1887 2956 1901 2972 .

1100 3059 1118 3087 1
1184 3045 1367 3088 Canonici
1381 3048 1546 3100 Ecclestae
1564 3048 1784 3104 Collegiatae
1811 3048 2027 3098 nominati,
2042 3050 2092 3094 ὠ·

1211 3106 1436 3147 nominandi
1453 3108 1704 3156 dmm-onis,
1741 3124 1819 3157 an,
1856 3109 1905 3153 ἀι
1938 3113 2094 3164 quando

1209 3179 1282 3206 non
1310 3166 1480 3207 habeant
1521 3181 1613 3207 onus
1649 3167 1838 3222 fhrmalis
1879 3170 2092 3226 refidentiae

1202 3226 1418 3278 personalis
1422 3226 1587 3280 practssae
1598 3255 1611 3267 .

1603 3467 1637 3510 E
1652 3478 1675 3508 e
1691 3478 1715 3509 e
1953 3467 2088 3507 Occa-
