2392 3736
310 141 753 229 -DeJurepatr.
769 138 904 202 Par.
936 139 1041 205 VI.
1059 142 1220 204 Can.
1247 142 1464 205 XXIII.
1487 143 1633 207 Cas:
1662 146 1708 207 Ι.

61 265 294 311 stolicarum
307 256 635 303 teser-vationum
655 251 893 296 exclusione
910 253 990 294 mi-

63 325 215 369 litabat
231 321 400 364 ultimus
414 316 540 359 status
554 314 652 356 anni
673 314 800 353 1680.
814 326 867 354 ex
882 312 993 354 insti-

65 386 231 429 tutione
245 376 428 438 praedicti
440 373 639 417 Bernardi
650 373 723 414 Gil
733 370 996 419 efformatus,

65 451 108 490 &
118 447 140 488 a
153 428 358 486 sententia
369 447 545 495 quoque
553 433 764 475 ordinarii
772 443 872 476 tunc
883 445 1000 474 com-

65 504 267 563 probatus
294 495 376 540 una
405 509 500 538 cum
526 494 683 537 literali
706 491 1000 548 expressione),

3 584 5 591 v
66 561 185 622 quod
208 557 315 601 illud
346 552 446 598 esset
473 555 528 596 de
546 550 864 609 praesentatione
880 552 1002 600 laica,

67 619 272 681 quodque
302 618 428 660 etiam
457 611 702 671 possessores
731 612 1004 655 corumdem,

68 683 280 726 bonorum
311 686 503 719 extarent
541 673 585 716 in
615 670 728 731 quasi
761 669 1002 728 possessione

66 737 341 799 praesentandi
354 743 460 777 tutte
477 734 514 775 le
523 732 632 774 volte
649 761 663 781 ‚
677 732 744 772 che
744 732 907 784 succede
920 747 1003 772 va-

66 816 158 842 care
172 827 187 847 ,
214 798 331 850 juxta
353 793 527 838 formam
543 788 766 850 expressam
791 793 833 834 in
851 804 1005 848 praece-

69 860 190 902 denti
215 858 318 899 statu
344 854 440 898 anni
459 858 586 903 1670.
614 852 686 894 ubi
715 852 863 894 eadem
892 849 1005 909 quasi

8 911 10 915 ¹
68 915 256 977 poiseffio
285 912 558 971 praesentandi
587 912 630 954 in
654 910 860 954 mensibus
878 909 1007 953 reser-

10 987 11 993 ’
70 979 180 1022 vatIs
204 989 278 1033 per
305 976 430 1016 aliam
457 969 703 1015 sententiam
719 971 932 1013 Ordinarii
957 968 1007 1012 si-

10 1071 14 1077 ,
70 1039 228 1081 militer
243 1034 491 1077 canonizata
507 1043 677 1088 apparet
691 1059 706 1080 ,
734 1042 779 1073 ut
806 1031 848 1072 in
860 1033 1006 1071 Summ.

0 1131 2 1140 .
67 1096 241 1150 ‘hannis
274 1093 434 1135 Antonii
450 1105 556 1134 num.
571 1095 613 1133 6.
629 1090 678 1135 ὠ·
692 1103 734 1142 7.
747 1094 796 1133 In
808 1092 874 1133 his
891 1091 1003 1132 enim

11 1176 15 1196 i
67 1148 260 1199 {erminis
278 1154 389 1196 haud
403 1151 576 1195 dubium
588 1149 668 1194 esse
684 1150 812 1200 valet,
826 1149 943 1208 quod
959 1151 1002 1191 in

13 1209 16 1251 ἶ
68 1212 308 1267 hujusmodi
325 1227 440 1256 mero
454 1211 614 1265 judicio
627 1207 882 1268 possessorio,
896 1222 1002 1266 qua-

15 1282 17 1320 ]
68 1277 112 1319 le
127 1275 281 1317 dicitur
312 1272 420 1314 illud
439 1270 559 1327 super
575 1271 826 1312 executione
841 1269 1003 1311 Litera-

15 1334 19 1378 i
69 1348 160 1378 tum
179 1333 510 1390 Apostolicorum
524 1358 539 1379 ,
552 1341 598 1371 ut
613 1330 716 1372 alias
731 1327 891 1371 censuit
907 1333 1000 1371 Rot.

14 1379 21 1437 Ι
66 1395 110 1437 in
122 1394 260 1447 decis-1
273 1406 290 1433 1
301 1403 338 1442 5.
350 1405 454 1432 num.
463 1404 528 1441 19.
540 1403 672 1431 coram
685 1389 812 1430 Priolo
827 1419 841 1439 ‚
857 1388 898 1429 in
913 1392 1004 1430 Me-

17 1443 22 1504 i
64 1453 264 1501 diolanen.
287 1450 496 1493 Prioratus
541 1462 608 1502 14.
630 1449 832 1491 Februarii
876 1461 1004 1499 1701.

69 1519 111 1564 ς.
126 1513 224 1555 Cum
257 1510 358 1553 enim
383 1524 513 1551 coram
532 1508 829 1566 Eminentifflmo
858 1511 1004 1557 Scotto,

18 1613 20 1616 ,
70 1573 124 1618 (θ’
140 1583 161 1623 5
179 1571 290 1622 Maii
311 1582 438 1622 1702.
467 1574 507 1617 §-
523 1569 644 1612 Ratio
672 1568 915 1623 resolutionis
943 1582 1006 1609 co-

69 1646 159 1676 ram
176 1629 470 1687 Eminentiffimo
485 1628 610 1671 Priola
624 1656 638 1678 ,
648 1628 690 1670 in
703 1634 870 1670 Pennen.
885 1630 1007 1668 Bene-

54 1691 272 1750 ficiistaper
284 1688 510 1733 executione
523 1689 747 1730 Literarum
762 1686 1006 1743 apostolica-

69 1767 159 1795 rum
178 1763 248 1801 17.
260 1748 414 1793 Martii
435 1761 451 1788 1
462 1760 560 1799 710.
587 1753 627 1796 §.
641 1752 706 1791 Ex
718 1749 784 1789 hoe
795 1758 928 1790 autem
943 1761 1006 1788 co-

70 1826 160 1854 ram
175 1815 224 1853 R.
243 1815 289 1852 P.
299 1815 352 1853 D.
367 1809 622 1852 Aedrovando
636 1837 651 1858 ‚
676 1807 727 1851 ἐφ’
749 1807 791 1849 in
806 1807 1010 1850 Bononien.

70 1869 354 1925 Beneficiorum
369 1870 416 1909 de
429 1867 589 1920 Castello
608 1868 728 1922 super
743 1866 1010 1912 executione,

71 1931 300 1974 literarum
340 1927 638 1983 Apostolicarum
682 1941 699 1967 1
710 1940 750 1970 2.
783 1925 1012 1970 Decembris

76 2003 95 2031 1
105 2003 156 2042 71
167 2003 186 2030 2
197 2019 208 2029 .
225 1993 265 2037 §-
279 1994 342 2032 De
357 1986 647 2047 ‘’Justificatione
660 2001 744 2030 cum
750 1987 868 2043 seqq.
883 1998 1014 2027 coram

71 2053 230 2094 R.P.D.
244 2063 326 2092 meo
339 2047 492 2102 Crispo,
507 2061 616 2104 opus
629 2060 715 2090 non
735 2046 782 2089 fit
798 2061 876 2104 pro
897 2044 1014 2088 susti-

75 2109 213 2153 nenda
243 2108 478 2152 collatione
493 2105 705 2149 Ordinarii
737 2105 791 2149 de
811 2103 1014 2148 consensu

73 2173 352 2215 patronorum
383 2165 489 2210 fae‘ta
531 2166 735 2208 adversus
773 2161 1015 2220 provisum..-

74 2228 367 2286 Apostolic'um
381 2239 557 2285 pergere
572 2225 624 2267 ad
641 2223 925 2268 discussionem
943 2236 1014 2279 pe-

77 2289 215 2332 titorii
229 2315 243 2336 ,
274 2285 346 2329 sed
377 2286 672 2329 tantummodo
695 2285 857 2328 attendi
883 2283 1016 2326 debet

78 2346 193 2406 quasi
207 2344 393 2404 posseffio
409 2375 422 2396 ,
456 2358 504 2388 ac
522 2345 694 2388 ultimus
710 2345 836 2389 status
855 2343 906 2385 ad
921 2341 1017 2384 effe-

77 2410 187 2451 &um
201 2405 456 2449 excludendi
485 2401 670 2447 assertam
688 2402 1016 2448 reservationem

0 2494 3 2502 ν
75 2467 192 2521 juxta
222 2468 390 2509 celebre
422 2465 620 2508 Calderin.
634 2465 732 2517 cons.
749 2478 768 2505 2
779 2466 818 2506 8.
845 2465 893 2505 de
914 2475 1017 2517 prae-

76 2528 186 2570 bend.
217 2527 322 2580 verfi
351 2526 400 2569 ό*
418 2525 557 2578 status
570 2525 735 2581 presens
765 2522 1018 2566 communiter

34 2584 37 2586 ’
77 2596 271 2642 receptum
283 2614 298 2635 ,
327 2597 372 2628 ut
386 2584 558 2628 tradunt
574 2590 727 2627 Lotter.
743 2586 791 2626 de
802 2597 845 2625 re
858 2583 1016 2638 benefic.

42 2654 47 2702 ι
78 2646 192 2688 liba.
208 2645 335 2701 quast.
354 2657 424 2698 34.
435 2645 575 2687 Simon.
589 2646 636 2686 de
650 2645 848 2698 reservat.
867 2658 933 2699 qu.
945 2655 1016 2693 70.

27 2720 47 2757 ,ι
78 2710 171 2748 Rot.
187 2719 319 2747 coram
331 2711 492 2762 Gregor.
506 2705 693 2758 decifi77.
712 2717 866 2753 num.9.
882 2702 932 2746 ό·
950 2716 966 2743 1
977 2716 1016 2742 2.

24 2763 49 2820 {i
81 2780 212 2807 coram
223 2765 343 2807 Pensa
356 2765 468 2819 dm]
484 2765 536 2806 82
545 2777 584 2818 3.
597 2779 702 2806 num.
712 2777 727 2804 1
738 2766 778 2806 8.
797 2777 927 2804 coram
940 2767 1018 2804 Ar-

28 2823 51 2876 ᾸΜ,
78 2825 198 2883 guell.
216 2824 331 2878 decis.
351 2838 369 2866 1
381 2837 447 2866 10.
461 2839 566 2867 num.
581 2826 649 2866 28.
668 2838 798 2866 coram
814 2828 1018 2866 Reveren-

28 2880 53 2930 Η
85 2884 225 2942 diffinio
243 2899 325 2926 meo
345 2883 513 2937 Anfaldo
530 2913 544 2934 ,
574 2884 686 2937 decis.
704 2898 745 2934 9.
762 2897 866 2926 num.
881 2894 902 2933 3
912 2893 950 2933 3.
978 2881 1021 2922 in

0 2975 2 2980 ,
30 2948 55 3005 il
84 2955 230 2986 recent.
248 2945 371 2997 decis?
383 2954 478 2994 154.
492 2959 594 2986 num.
601 2958 639 2997 3.
648 2955 786 2998 par.1.
802 2942 1020 2995 decill472.

31 3009 56 3065 ‘3⁸
85 3008 222 3046 num.6
228 3017 268 3056 7.
281 3016 371 3059 par.
388 3015 456 3054 19.
470 3014 562 3046 tom.
581 3018 620 3046 2.
635 3003 686 3048 ὰ
699 3003 742 3045 in
755 3001 1022 3044 Placentina...

31 3067 58 3151 3⁸
82 3064 420 3118 jurispatronatus
437 3075 507 3104 20.
528 3063 649 3122 7um'i
669 3075 796 3114 1701.
822 3067 861 3110 ς.
877 3064 1022 3117 Urget,

0 3138 2 3140 ’
38 3117 61 3221 ’ἰ
87 3122 140 3168 ό·
164 3123 326 3222 l§.final.
342 3136 472 3166 coram
487 3122 783 3182 Eminentiffi'mo
801 3122 904 3164 dela
920 3120 1023 3163 Tre-

0 3206 2 3211 ·
32 3215 34 3220 ⁷
88 3181 165 3225 moi
179 3183 216 3225 le
229 3212 242 3224 .

0 3263 2 3283 ι
35 3165 93 3348 Ξὶό
151 3242 325 3287 Minime
361 3253 541 3300 urgente
568 3231 831 3299 responsione
845 3269 860 3291 ,
903 3241 1023 3299 quod

0 3318 3 3342 ,
50 3329 53 3331 ,

50 3319 54 3326 ·
89 3301 202 3344 idem
229 3303 401 3347 ultimus
428 3303 555 3346 status
591 3301 791 3359 refragari
822 3313 1020 3361 nequeat,

0 3379 3 3402 υ
43 3356 64 3396 3³
92 3361 165 3402 ubi
184 3373 311 3417 prout
339 3363 410 3406 hie
423 3364 551 3406 intrat
565 3361 796 3406 reservatio
807 3361 1023 3418 Apostoli-

0 3437 24 3463 ε·
58 3400 66 3502 ζ
92 3432 142 3462 ca
171 3421 317 3476 vigore
343 3424 466 3481 regul.
483 3425 524 3467 8.
552 3422 664 3466 hodie
677 3436 719 3476 9.
743 3422 909 3482 Cancell.
926 3450 940 3473 ,
971 3435 1028 3467 eo

150 3483 253 3522 Pars
266 3485 333 3526 VI.

1932 167 2065 231 377

1109 254 1211 312 quia
1226 265 1374 310 agatur
1387 254 1440 296 de
1454 254 1797 309 jurepatronatus
1809 285 1823 306 ,
1841 257 1960 315 quod
1972 259 2062 301 cla-

1110 314 1158 357 re
1178 313 1411 356 ostenditur
1427 313 1507 355 esse
1526 315 1852 359 Ecclefiasticum
1865 346 1878 365 ,
1907 329 2060 375 utpote

1116 386 1324 417 annexum
1338 373 1464 415 bonis
1479 372 1571 424 jure
1584 374 1731 418 directi
1742 376 1919 419 dominii
1934 379 2066 434 perti·-

1118 434 1319 476 nentibus
1330 432 1384 474 ad
1400 434 1649 481 Prioratum,
1667 431 1736 476 seu
1754 435 2063 481 Commendam

1120 494 1273 536 Portus
1288 493 1441 535 Marini
1464 490 1858 550 Hierosolymitanae
1872 496 2065 553 Religio-

1123 555 1218 602 nis,
1248 554 1352 595 licet
1376 552 1548 595 iliorum
1577 553 1682 595 utile
1701 555 1933 597 dominium
1964 558 2073 596 atti-·

1125 624 1223 656 neat
1239 612 1292 655 ad
1308 614 1486 662 Laicos‚
1523 624 1569 654 ut
1586 613 1694 655 dixit
1722 617 1814 656 Rot.
1830 614 1945 666 decis.
1967 615 2069 663 298.

1124 687 1274 723 num.9.
1293 672 1341 716 ὁ·
1355 673 1467 725 decis.
1487 685 1507 724 3
1518 685 1586 724 39.
1601 686 1691 714 nu.2
1702 686 1742 724 3.
1753 686 1845 727 par.
1865 688 1905 723 9.
1923 685 2070 715 recent.

1122 736 1334 790 Qoniam
1346 733 1531 785 objectio
1547 733 1682 775 isthaec
1698 735 1798 776 vere
1814 734 2070 789 procederet

1125 794 1299 851 quoties
1313 793 1516 835 adversus
1530 794 1770 847 praedictum
1786 795 1978 836 ultimum
1996 795 2070 836 sta-

1124 865 1212 894 tum
1228 851 1426 909 praetensa
1445 854 1631 910 qualitas·
1646 853 1928 896 Ecclefiastica
1961 868 2068 897 con-

1125 911 1302 955 troverfi
1319 912 1541 961 beneficii,
1561 911 1732 971 ejusque
1749 914 1980 958 reservatio
1999 914 2071 956 de-

1126 984 1345 1030 tegeretur
1361 974 1419 1014 ita
1435 970 1650 1029 perspicua
1665 1002 1677 1022 ‚
1703 986 1749 1015 ut
1761 973 1893 1031 posita
1907 988 1991 1017 non
2008 972 2074 1016 es·-

1126 1030 1246 1073 setin
1262 1031 1485 1074 discrimen
1505 1061 1519 1080 ,
1536 1034 1606 1075 vel
1622 1046 1867 1083 erueretur,
1882 1032 1950 1075 seu
1972 1049 2073 1090 pro-

1124 1092 1223 1133 bata
1240 1103 1402 1133 extaret
1419 1106 1471 1133 ex
1487 1093 1565 1134 illo
1586 1095 1744 1149 triplici
1772 1095 2074 1151 probationum

1124 1164 1281 1207 genere
1321 1151 1503 1195 deducto
1536 1165 1587 1193 ex
1600 1167 1644 1194 re
1659 1154 1845 1205 judicata
1860 1183 1874 1204 ,
1903 1151 1971 1196 seu
1998 1168 2076 1211 pu-

1122 1212 1238 1253 blico
1272 1209 1534 1253 fundationis
1563 1211 1842 1256 instrumento
1857 1242 1870 1262 ,
1914 1215 1985 1256 vel
2021 1229 2074 1255 ex

1122 1271 1258 1312 Partis
1294 1270 1551 1313 confessione
1566 1300 1580 1320 ,
1624 1284 1751 1327 prout
1794 1274 2076 1316 communiter

1122 1331 1293 1373 tradunt
1312 1332 1524 1373 Doctores
1536 1359 1549 1379 ,
1578 1335 1618 1374 &
1635 1335 1820 1375 omnium
1837 1332 2076 1388 antesigna-

1123 1403 1200 1433 nus
1217 1391 1432 1432 Panormit.
1446 1390 1486 1431 in
1497 1393 1939 1444 cap.Consultationibus
1952 1407 2072 1443 nu.9.

1124 1452 1268 1505 versic.
1285 1452 1410 1512 Qod
1427 1464 1494 1505 ego
1511 1451 1774 1508 intelligerem
1799 1454 1848 1494 de
1873 1455 2075 1507 jurepatr.

1125 1510 1175 1553 &⁵
1203 1513 1296 1551 Rot.
1321 1514 1363 1551 in
1384 1510 1493 1552 dieta
1512 1512 1717 1553 Bononien.
1733 1513 2008 1567 beneficiorum
2024 1513 2075 1554 de

1124 1569 1287 1619 Castello
1309 1582 1326 1608 1
1338 1582 1376 1609 2.
1394 1570 1624 1612 Decembris
1646 1584 1696 1622 17
1708 1584 1724 1611 1
1735 1585 1774 1612 2.
1808 1576 1847 1619 §.
1864 1572 2016 1628 Absque
2033 1587 2077 1613 eo

1124 1629 1230 1686 quod
1244 1643 1374 1669 coram
1387 1633 1544 1671 R.P.D.
1562 1644 1645 1671 meo
1662 1631 1810 1685 Crispo,
1831 1631 1872 1673 in
1885 1632 2073 1673 Firmana

1123 1687 1395 1744 beneficiorum
1415 1701 1432 1728 1
1445 1702 1482 1730 1.
1499 1690 1699 1748 ‘’Januarii
1717 1703 1795 1742 171
1808 1703 1845 1740 5.
1885 1697 1924 1740 §.
1941 1695 2079 1748 Neque

1127 1748 1286 1790 dicatur
1302 1763 1431 1790 coram
1448 1754 1605 1792 R.P.D.
1622 1764 1703 1791 meo
1720 1754 1916 1793 Lancetta
1928 1780 1942 1800 ,
1971 1752 2021 1795 ὠ·
2036 1751 2080 1793 in

1132 1810 1353 1862 Casei-tana
1365 1809 1522 1863 benefic.
1541 1822 1608 1860 15.
1628 1810 1752 1868 ‘Junii
1770 1816 1897 1863 1716.
1919 1815 2085 1860 §.Caete-

1130 1883 1218 1910 rum
1231 1882 1358 1908 coram
1377 1871 1472 1916 Me,
1508 1881 1600 1911 cum
1632 1883 1684 1912 co
1702 1868 1799 1912 casu
1828 1872 1927 1913 talis
1948 1871 2085 1914 reser-

1130 1929 1249 1972 vatio
1280 1938 1366 1969 non
1384 1923 1517 1969 solum
1533 1927 1748 1971 diceretur
1775 1931 1829 1971 de
1845 1944 1920 1987 per
1936 1928 1977 1972 se
1993 1932 2082 1973 cla-

1132 2002 1205 2035 ra,
1233 1986 1299 2029 uti
1325 1998 1578 2042 promanans
1614 2001 1666 2031 ex
1684 1990 2077 2034 incontrovertibili

1134 2049 1248 2089 illius
1260 2046 1465 2104 qualitate
1484 2047 1763 2091 Ecclefiastica
1778 2077 1792 2098 ,
1822 2048 1893 2092 sed
1927 2052 2083 2093 etiarn..-

1133 2109 1274 2150 locum
1307 2105 1381 2147 fibi
1410 2107 1622 2149 vindicare
1646 2109 1807 2151 valeret
1836 2112 1879 2152 in
1900 2110 2085 2154 eversio-

1134 2181 1230 2210 nem
1245 2163 1428 2218 ejusdem
1445 2166 1579 2208 ultimi
1598 2167 1748 2215 status,
1783 2183 1830 2210 ac
1849 2172 1975 2212 etiam
2004 2185 2083 2213 cu-

1134 2224 1380 2283 juscumque
1407 2227 1626 2269 contrariae
1657 2226 1934 2272 observantiae
1947 2259 1959 2278 ‚
2012 2227 2083 2272 seu

1136 2284 1460 2343 praescriptionis
1491 2297 1700 2343 quatenus
1732 2287 1888 2331 adesset
1920 2305 1972 2333 ex
1992 2292 2086 2332 De-

1136 2358 1256 2389 creto
1270 2345 1451 2389 irritanti
1482 2347 1524 2387 in
1545 2347 1692 2389 eadem
1709 2349 1853 2404 regula
1888 2350 2087 2392 mensium

1134 2404 1586 2458 reservatoriaadjesto
1605 2436 1618 2456 ‚
1652 2406 1828 2465 aliisque
1845 2410 2085 2453 rationibus

1137 2466 1328 2509 adduaestis
1347 2479 1421 2521 per
1448 2467 1616 2506 Gonzal.
1632 2468 1688 2506 ad
1700 2468 1822 2522 regul.
1837 2469 1876 2507 8.
1910 2469 2082 2511 cancell.

1133 2525 1270 2584 gloſj15
1276 2538 1315 2575 7.
1331 2532 1436 2565 num.
1443 2537 1463 2575 3
1473 2539 1512 2574 9·
1525 2524 1698 2581 &seqq·
1717 2526 1766 2569 ὠ*
1783 2532 1872 2569 Rot.
1885 2528 1927 2570 in
1944 2533 2086 2571 Craco-

1138 2587 1246 2627 vien.
1265 2584 1459 2627 Cantoriae
1490 2597 1505 2623 1
1522 2597 1559 2624 1·
1591 2585 1744 2626 Martii
1763 2599 1891 2636 1701.
1923 2592 1962 2635 §.
1980 2588 2083 2630 Hine

1136 2659 1211 2688 non
1241 2644 1412 2696 obstante
1437 2659 1566 2685 coram
1588 2646 1685 2686 clar.
1715 2659 1830 2688 mem.
1849 2649 1973 2689 Card.
2002 2651 2084 2689 Ca-

1129 2718 1260 2761 prara
1274 2705 1315 2744 in
1329 2706 1535 2760 opposttum
1551 2704 1711 2761 allegat.
1740 2709 1779 2748 δε
1802 2707 1919 2759 juxta
1935 2707 2082 2751 distin-

1136 2767 1317 2810 &ionem
1335 2792 1348 2812 ,
1369 2763 1422 2806 de
1439 2778 1521 2822 qua
1537 2765 1682 2806 eadem
1718 2771 1806 2808 Rot.
1823 2767 1863 2807 in
1881 2766 2088 2824 Augusta-

1138 2842 1190 2869 na
1204 2826 1367 2879 summa
1402 2825 1581 2878 Custodia
1600 2825 1721 2880 super
1740 2827 1925 2878 secundis
1954 2827 2086 2867 literis

1143 2899 1163 2926 2
1178 2900 1212 2927 1.
1229 2885 1353 2945 Junii
1373 2898 1421 2936 17
1433 2897 1500 2935 15.
1528 2890 1568 2933 §.
1585 2885 1903 2943 Nonsubsistente
1917 2901 2084 2930 eoram...

1143 2949 1296 2988 R.P.D.
1313 2959 1393 2986 meo
1415 2946 1631 2987 Falconerio
1649 2975 1659 2986 .

1085 3019 1139 3058 27
1203 3006 1329 3048 Sectis
1347 3007 1449 3049 vero
1466 3006 1779 3057 dijudicandum
1798 3009 1854 3050 est
1870 3038 1882 3058 ,
1912 3008 2084 3066 quando

1142 3077 1268 3123 prout
1300 3067 1343 3107 in
1371 3064 1558 3122 praesenti
1590 3067 1868 3110 Ecclefiastica
1896 3069 2081 3126 qualitas

1141 3124 1347 3182 saepedie'ti
1361 3125 1723 3182 jurispatronatus,
1740 3126 1937 3185 illiusque
1953 3125 2087 3170 reser-

1141 3188 1259 3228 vatio
1289 3199 1371 3227 non
1386 3187 1655 3228 convincitur
1688 3201 1739 3227 ex
1755 3186 1996 3239 supradietis
2013 3201 2088 3230 va-

1142 3246 1241 3288 lidis
1255 3247 1579 3300 probationibus
1599 3274 1611 3294 ‚
1646 3243 1716 3287 sed
1733 3245 1892 3289 desumi
1910 3258 2091 3289 conten-

1143 3305 1257 3347 ditur
1282 3318 1332 3346 ex
1363 3319 1476 3348 mera
1509 3306 1725 3347 dumtaxat
1751 3306 1854 3358 juris
1889 3303 2089 3362 praesum-

1140 3365 1288 3421 ptione
1307 3366 1427 3407 unice
1449 3365 1727 3420 proveniente
1756 3366 1809 3407 ab
1830 3369 2086 3413 annexione,

1147 3437 1274 3482 quam
1310 3425 1419 3470 illud
1435 3425 1564 3469 habet
1593 3425 1718 3468 bonis
1748 3425 1802 3469 de
1830 3426 1992 3468 directo
2011 3424 2093 3465 do-

1615 3485 1647 3526 B
1662 3484 1689 3527 b
1709 3485 1737 3526 b
1959 3483 2092 3526 minio
