2392 3736
332 246 393 287 eis
409 240 548 297 eque,
569 251 618 280 ac
636 236 816 284 Clericis
841 237 892 280 ab
911 231 1001 291 ipso
1023 246 1164 278 tamen
1179 233 1284 290 Epi-

333 302 463 356 scopo
479 327 494 348 ,
505 303 546 342 &
561 298 795 341 Canonicis
812 298 866 339 ad
881 295 1064 339 officium
1081 295 1281 337 Advoca-

331 374 472 404 torum
489 387 503 407 ,
538 355 608 402 seu
641 349 1045 400 administrationem
1069 355 1291 398 bonorum

331 416 518 472 ejusdem
536 418 726 474 Capituli
753 432 831 474 pto
863 428 1056 472 tempore
1082 413 1285 456 assumen-

329 480 398 523 dis
415 507 429 527 ,
465 479 540 537 qui
576 479 628 520 ad
645 478 936 522 canonicatus
952 474 1151 531 praefatos
1166 474 1284 525 juxta

331 541 528 584 ordinem
543 539 585 579 in
599 538 708 580 dieta
734 534 1022 579 reservatione
1037 531 1283 589 jurispatro-

332 612 456 643 natus
470 595 753 656 praescriptum
766 609 843 653 per
861 596 1047 638 Turnum
1062 591 1284 650 praesenta·

331 671 428 703 rent
447 690 459 701 .

391 721 470 762 Per
485 720 659 762 liberam
681 715 1000 775 resignationem
1028 712 1202 755 alterius
1228 726 1280 754 ex

330 780 399 821 his
431 777 767 822 Canonicatibus
788 775 1060 830 aConulpho
1092 771 1280 814 fundatis

330 839 522 895 Ignatius
540 835 745 880 Schmid
727 849 751 876 a
767 836 808 875 S.
823 835 934 876 Sede
961 836 1015 875 de
1031 833 1138 875 illo
1127 846 1170 874 m
1187 830 1284 874 for-

331 913 398 941 ma
412 894 594 955 gratiosa
609 895 827 950 provideri
842 894 1028 936 obtinuit
1032 893 1166 945 ,cujus
1183 906 1280 948 pro-

331 958 502 1000 visionis
534 957 684 1010 vigore
714 954 928 996 mediante
946 955 1138 995 Decreto
1166 954 1277 995 Exe-

331 1017 530 1075 quutoris
548 1015 601 1056 de
616 1015 825 1070 partibus,
839 1014 1130 1058 Canonicatus
1150 1014 1276 1055 etiam

328 1074 617 1143 possessionem
633 1074 713 1116 fuit
725 1075 928 1130 adeptus,
963 1074 1120 1117 Verum
1154 1075 1292 1141 quia...

332 1136 605 1191 Deputatus
593 1148 636 1176 1n
651 1135 922 1178 Advocatum
937 1147 1056 1177 novae
1074 1133 1278 1177 Civitatis

325 1195 603 1238 Hild'efimen.
634 1207 846 1251 tamquam
865 1208 971 1236 unus
999 1208 1050 1236 ex
1066 1195 1277 1241 Patronis,

329 1256 384 1297 ad
401 1269 512 1313 quos
529 1254 666 1297 fuerat
679 1254 988 1309 juspatronatus
1006 1252 1276 1302 reservatum,

328 1316 644 1359 Canonicatum
664 1316 707 1358 in
736 1313 808 1357 suo
825 1326 950 1357 turno
982 1313 1140 1358 vacasse
1167 1327 1276 1357 con-

332 1377 566 1423 tendebat,
602 1376 856 1432 ad-eumque
882 1373 1200 1431 praesentaverat
1226 1372 1278 1414 fi-

330 1436 434 1477 lium
450 1433 587 1481 suum,
618 1435 716 1476 inde
745 1436 798 1476 ad
820 1436 1083 1490 Signaturam
1097 1433 1275 1490 Justitiae

328 1509 411 1537 una
426 1510 520 1537 cum
540 1494 634 1536 aliis
656 1496 965 1551 Compatronis
978 1493 1186 1550 confugit,
1202 1507 1276 1548 ap-

327 1556 603 1612 pellationem
625 1556 778 1597 nedum
794 1556 817 1597 a
831 1556 1042 1597 literarum
1059 1552 1279 1610 Apostoli-

328 1629 473 1657 carum
493 1615 747 1657 demandata
779 1617 1067 1671 exequutione
1084 1614 1277 1668 expostu-

325 1676 459 1718 lando
474 1704 486 1723 ‚
505 1689 630 1734 quam
643 1677 769 1717 etiam
789 1673 1051 1732 subsequutae
1066 1673 1276 1731 possessio-

328 1736 394 1778 nis
426 1733 857 1791 circumscriptionem
885 1765 898 1783 ,
935 1739 976 1778 δε
1003 1737 1046 1776 in
1074 1734 1275 1776 omnibus

327 1796 424 1839 voti
464 1807 687 1852 compotes
721 1796 893 1838 Patroni
921 1795 1108 1851 praedicti
1140 1791 1276 1838 effecti

325 1857 561 1899 extiterunt
575 1885 586 1896 .
628 1855 754 1897 Unde
785 1855 908 1897 Rotae
938 1855 1101 1907 judicio
1133 1854 1277 1896 litera-

325 1930 417 1958 rum
435 1916 774 1972 Apostolicarum
790 1915 1080 1971 exequutione
1099 1914 1277 1970 delega-

326 1989 370 2018 ta
385 1979 548 2019 curavit
561 1977 602 2018 in
621 1978 698 2018 hac
712 1976 928 2018 audientia
946 1972 1142 2017 Provisus
1157 1975 1279 2029 Apo·-

326 2037 524 2085 stolicus,
552 2050 598 2078 ut
619 2037 794 2079 dubium
810 2035 1087 2078 commiffioni
1101 2034 1280 2077 confor-

325 2111 393 2139 me
405 2095 709 2145 discuteretur,
739 2101 778 2139 &
818 2097 1010 2138 Patronis
1025 2123 1038 2144 ,
1071 2096 1203 2152 quiin
1219 2096 1282 2137 Si-

323 2168 503 2212 gnatura
524 2157 701 2211 Justitiae
730 2155 1055 2199 commistionem
1087 2167 1280 2210 reporta-

327 2228 424 2259 runt
443 2217 612 2258 minime
632 2216 975 2271 comparentibus
996 2245 1009 2264 ,
1041 2229 1119 2271 pro
1137 2216 1276 2257 literis

327 2277 586 2331 Apostolicis
621 2275 744 2331 ipsius
775 2277 930 2331 Ignatii
955 2275 1191 2318 favorabile
1209 2289 1278 2318 re-

326 2335 526 2391 scriptum
543 2336 754 2379 emanavit
787 2338 875 2377 Non
893 2335 1051 2377 intrare
1064 2335 1278 2378 arbitrium

319 2409 392 2452 pro
407 2395 681 2438 retardatione
698 2426 710 2437 .

268 2458 296 2500 8
386 2456 468 2498 Pro
513 2457 775 2513 exequendis
830 2457 968 2500 literis
1011 2455 1274 2513 Apostolicis

323 2517 479 2570 Ignatii
510 2519 685 2559 omnino
716 2518 896 2573 urgebat
911 2546 925 2566 ,
958 2517 1080 2575 quod
1113 2517 1195 2558 illae
1230 2518 1275 2558 in

325 2577 528 2619 omnibus
575 2577 702 2631 plene
749 2576 975 2629 justificatae
1009 2577 1277 2625 dicebantur,

325 2650 510 2693 namque
528 2637 655 2691 ipfius
683 2637 920 2686 idoneitas,
950 2638 1042 2679 curn
1061 2649 1210 2692 agatur
1224 2636 1279 2679 de

323 2696 461 2738 literis
479 2698 691 2751 expeditis
710 2698 752 2740 in
776 2696 913 2739 forma
930 2694 1112 2752 gratiosa
1126 2700 1168 2738 in
1187 2698 1279 2739 Da-

325 2757 431 2798 taria
445 2785 463 2805 2
476 2757 560 2809 jam
577 2759 756 2813 probata
774 2755 1097 2813 praesumebatur
1112 2761 1203 2798 Rot.
1217 2771 1280 2797 co-

326 2831 414 2856 ram
430 2817 594 2858 snerlin.
619 2819 732 2869 decis.
750 2831 960 2868 141.num.
981 2831 998 2857 1
1013 2832 1047 2858 1.
1076 2817 1116 2859 in
1133 2827 1281 2859 recent.

327 2873 548 2927 decis.160.
565 2891 716 2928 num.4.
732 2891 824 2931 par.
848 2890 916 2928 15.
937 2878 978 2918 in
997 2878 1160 2919 Abulen.
1178 2882 1282 2931 Cap-

322 2935 500 2987 pellaniae
521 2951 539 2976 2
551 2940 591 2979 8.
608 2938 731 2995 ‘Junii
750 2951 799 2988 17
811 2951 877 2988 15.
892 2942 930 2984 §.
947 2950 967 2975 2
982 2951 1113 2979 coram
1128 2942 1282 2980 R.P.D.

328 3008 409 3034 meo
430 2997 632 3047 Ansald0‚
667 3002 706 3041 &
722 3012 853 3053 nuper
867 2998 910 3038 in
925 2997 1190 3050 Monasterien
1208 2999 1285 3037 Ca·-

329 3054 535 3094 nonicatus
559 3071 629 3098 22.
651 3058 850 3117 ‘Januarii
870 3061 996 3107 1716.
1013 3061 1052 3104 §.
1070 3059 1281 3119 Qantum

328 3124 463 3151 coram
488 3118 535 3153 R·
540 3118 585 3155 P.
590 3122 642 3157 D.
658 3133 738 3158 meo
754 3123 962 3160 Lancetta.
979 3115 1190 3184 Expressio
1206 3130 1282 3160 ve-

330 3184 378 3210 ro
402 3171 559 3212 valoris
587 3174 690 3218 fasta
718 3192 792 3232 per
820 3191 903 3220 non
920 3174 1126 3219 excessum
1159 3177 1202 3217 in
1218 3177 1285 3217 vi-

329 3230 630 3285 gintiquatuor
661 3236 821 3278 ducatis
862 3237 1056 3279 ulteriori
1089 3234 1286 3288 justifica-

330 3290 451 3329 tione
473 3304 557 3332 non
574 3293 822 3359 indigebat,
853 3299 953 3339 dum
974 3297 1015 3338 in
1035 3297 1281 3340 eanonica-

327 3348 444 3388 tibus
464 3348 696 3392 Germaniae
724 3354 837 3403 juxta
869 3357 1133 3399 concordata
1159 3356 1281 3399 valo-r

327 3409 388 3450 ita
402 3410 577 3466 exprimi
599 3409 744 3454 assolet
759 3441 771 3461 ,
807 3414 860 3456 de
879 3430 967 3473 quo
995 3418 1116 3458 Card.
1134 3416 1181 3456 de
1196 3420 1287 3457 Luc.

1365 1628 1368 1629 ⁷
1395 1615 1480 1656 hoc
1500 1625 1666 1656 attento
1684 1614 1845 1657 merito
1853 1627 2002 1657 vereri
2048 1627 2069 1648 ·‘

1352 3189 1404 3217 10
1464 3176 1599 3235 Qod
1642 3187 1784 3220 autem
1824 3174 2001 3234 ptaesens
2033 3167 2193 3235 Jusp

720 122 1215 192 Commentaria
1231 120 1314 187 ad
1333 115 1616 210 singulos
1628 124 1935 188 Canones

1401 233 1647 290 debeneft
1606 221 1697 288 λβ.
1712 237 1784 284 9ο.
1795 248 1901 276 num.
1927 247 1993 285 ¹5·
2018 239 2110 278 Rot.
2139 236 2342 295 λήψει.)

1400 308 1466 335 nu.
1484 306 1524 345 3.
1537 305 1629 348 par.
1647 292 2056 346 12.inMonaesterien.
2075 298 2335 345 Canonicaenoe

1405 354 1476 394 28.
1488 353 1625 423 7ηηὶὶ
1627 358 1756 407 1709.
1784 358 1824 403 S
1838 352 1976 396 Literae
1989 355 2188 412 Siquidem
2213 360 2338 415 cot-aq

1400 416 1500 462 Me,
1526 412 1577 456 ὠ·
1607 412 1650 455 in
1662 412 1944 466 Monasterien.
1957 415 2120 459 Vicariae
2139 430 2180 470 3.
2193 419 2341 472 April

1409 485 1538 525 1713.
1542 472 1621 526 sub
1638 477 1677 520 §-
1697 473 1778 513 ltlae
1796 475 1900 515 enim
1917 488 2050 517 coram
2070 480 2118 519 R.
2133 481 2176 518 Ρ.
2192 481 2246 520 D.
2258 490 2317 525 m.

1402 537 1620 575 Lancetta.
1638 534 1824 587 Qoties'
1840 545 1978 577 autem
1993 535 2123 580 literae
2138 536 2267 593 plene
2279 535 2324 593 js·
2335 554 2344 560 ²

1402 589 1584 634 stificatae
1608 593 1846 643 docentur,
1877 593 2043 638 illatum
2072 599 2219 654 utique
2245 609 2305 647 ex·

1403 653 1557 708 quutio
1574 652 1776 695 retardari
1793 667 1877 697 non
1889 654 2037 704 debet,
2053 658 2210 714 vulgat.
2222 669 2305 713 cap.

1402 712 1581 767 capitula
1595 712 1644 758 de
1655 713 1807 781 conceff
1824 714 2022 756 Praebend.
2054 715 2106 760 ὁ·
2130 727 2215 771 cap.
2227 715 2327 773 cxl*

1399 771 1499 814 teris
1509 772 1557 813 de
1570 771 1746 827 rescript.
1761 778 1852 817 Rot.
1864 774 1979 827 decis:
2000 785 2097 825 150.
2111 789 2217 818 num.
2238 788 2275 818 1.
2288 788 2306 823 ι
2353 797 2355 800 ·

1389 832 1507 888 seqq.
1518 843 1613 900 par.
1633 845 1700 884 17.
1715 847 1792 876 cor.
1805 834 2193 891 Emerix·1un.decaes.
2213 844 2323 889 1171
2358 877 2360 879 ,

1399 907 1506 934 num.
1526 905 1563 934 1.
1590 891 1633 932 in
1650 898 1836 935 Aur-rana
1852 893 2153 950 benqfi'ciisuper
2166 909 2272 945 exe*
2287 922 2297 940 ,·
2367 891 2369 895 ’

1398 952 1503 994 tione
1543 943 1779 996 literarum
1793 952 2093 1018 Apostolicarum
2135 955 2260 1015 16.

1404 1025 1533 1064 1710.
1547 1016 1586 1060 §-
1614 1013 1738 1082 Qud
1748 1018 1883 1064 autern
1898 1028 2030 1056 comm
2043 1010 2294 1069 Εωὶηεηεῆ]

1397 1072 1528 1115 Priola
1544 1100 1558 1122 ,
1596 1071 1650 1116 ό·
1688 1071 1732 1116 in
1752 1072 2055 1130 Composseilana
2080 1073 2229 1139 Fraestt‘

1401 1147 1441 1187 3.
1459 1131 1614 1175 Martii
1633 1144 1761 1186 1713
1776 1137 1817 1182 §-
1829 1131 2083 1182 canamus„
2094 1146 2230 1184 torm
2263 1148 2283 1197 ἐκ

1399 1193 1613 1251 nentiffi'mo
1626 1195 1792 1237 Scotto.
2374 1210 2376 1216 ’

1457 1253 1597 1297 Unica
1610 1252 1930 1312 quodammodo
1956 1256 2154 1313 exceptio
2179 1227 2248 1314 pt.
2275 1266 2285 1269 ·’

1397 1313 1601 1356 tardanda
1616 1316 1905 1372 exequutione
1920 1316 2174 1371 praedictam
2189 1329 2212 1372 e
2224 1289 2284 1339 ’ς

1395 1385 1505 1417 terat
1520 1372 1727 1423 relidere,
1753 1374 1873 1444 quod
1902 1377 1945 1426 in
1958 1376 2098 1419 literis
2108 1376 2174 1419 Α
2195 1401 2230 1428 ²„
2282 1421 2287 1423 .

1395 1434 1457 1476 cis
1484 1436 1640 1492 vigore
1638 1433 1946 1490 resignationis
1954 1434 2168 1493 expeditis
2194 1429 2301 1494 n'ss

1395 1494 1558 1537 mentio
1569 1492 1675 1535 facta
1683 1492 1812 1537 fuerit
1827 1490 2174 1554 jurispatronatus
2187 1495 2230 1540 fa
2252 1502 2261 1507 ’
2270 1519 2279 1533 ι
2293 1499 2304 1532 ἶ

1394 1553 1716 1598 Advocatorum
1732 1554 1924 1622 Capituli
1951 1552 2382 1632 resefv‘afffflssnq

1394 1675 1498 1718 tiam
1530 1674 1816 1730 Apostolicam
1859 1672 2070 1722 Patronor

1395 1733 1486 1778 lere
1500 1736 1748 1792 neutiquam
1773 1734 1916 1785 valete
1935 1743 2033 1790 ex,

1395 1808 1478 1836 cen.
1491 1794 1678 1851 Beneficii
1699 1806 1766 1845 17.
1784 1794 1997 1854 Februarii
2007 1797 2073 1859 17'

1395 1844 2129 1924 verfi»,&seqqcor.R.1².1).sffl1m

1396 1915 1438 1958 in
1458 1915 1739 1968 Monasterien.
1757 1915 2043 1962 canonic-attis.
2047 1928 2072 1957 1

1405 1989 1422 2016 1
1431 1989 1456 2029 7
1467 1987 1531 2025 14.
1567 1980 1608 2023 §.
1621 1975 1744 2050 Qod
1754 1983 1980 2019 antennor.
1984 1974 2084 2026 ²2.-l*

1343 2112 1367 2149 9
1402 2109 1526 2140 tenus
1544 2106 1741 2152 ageretur
1757 2091 2107 2152 dejurepatt''''
2172 2124 2185 2149 1,
2257 2105 2272 2130 ι’

1401 2161 1441 2200 δι
1461 2157 1580 2198 laicis
1596 2152 1785 2212 personis
1803 2150 2067 2207 reservato‘5'.
2205 2152 2225 2206 j„

1399 2217 1466 2259 me
1484 2216 1686 2259 deductas
1704 2215 1995 2263 Auctoritates
2009 2215 2046 2275 ,je-‘³
2148 2220 2165 2274 2.

1399 2275 1568 2319 semur
1555 2289 1598 2318 in
1611 2275 1950 2330 jurepatronatus
1962 2276 2072 2346 Εξζ
2092 2321 2095 2323 ,
2097 2278 2138 2330 ζ
2147 2283 2154 2325 ἦ
2276 2284 2278 2286 ’

1399 2575 1571 2635 pressam
1588 2575 1918 2646 declarationem
1937 2583 2043 2637 req
2067 2568 2130 2621 ”it
2130 2605 2147 2628 ·,
2168 2583 2250 2638 ut

1401 2637 1660 2695 distinguunt
1685 2634 1864 2693 Vegsquez
1889 2635 1932 2679 in
1957 2634 2160 2692 opida-Ae
2259 2679 2267 2682 ,

1399 2710 1484 2753 cap.
1501 2711 1541 2738 2.
1572 2701 1613 2746 ς.
1628 2709 1665 2738 1.
1697 2695 1823 2740 dubit.
1841 2697 1882 2738 8.
1897 2724 1913 2746 ,
1953 2699 2211 2743 covarr-tm
2309 2704 2313 2713 ’

1402 2756 1533 2815 q.uaest
1549 2769 1633 2812 cap.
1650 2759 1721 2809 36.
1734 2771 1839 2798 num.
1848 2770 1888 2798 2.
1902 2755 2067 2815 &seqq
2245 2761 2252 2775 ”

1403 2818 1528 2875 regul.
1542 2819 1582 2859 8.
1611 2816 1782 2859 Cantell.
1794 2816 1904 2876 gloffi
1921 2817 1990 2860 18.
2009 2772 2114 2863 nus-n.
2106 2760 2205 2870 65:25

1402 2875 1648 2920 Lambertt‘n.
1679 2876 1727 2918 de
1749 2878 1953 2932 jurepatr.
1977 2876 2045 2919 lib.
2133 2885 2160 2936 q'
2236 2877 2265 2903 ‘ss
2310 2896 2314 2911 ·

1406 2953 1510 2981 num.
1516 2950 1586 2987 29·
1606 2938 1745 2993 Mur-g.
1764 2937 1811 2979 de
1823 2937 1948 2992 benef:
1940 2890 2105 2995 ραι-ἰ.
2081 2940 2153 2998 ,¹233
2310 2963 2311 2966 ν
2370 2971 2375 2981 .

1410 3003 1504 3042 Rot.
1530 2997 1573 3039 in
1594 2995 1828 3039 cracovien.
1846 2997 2039 3040 Cantor-ia
2058 3006 2167 3050 ης.
2177 3021 2193 3043 1
2310 3017 2312 3027 ¹

1407 3071 1536 3110 1700.
1570 3061 1611 3105 S.
1625 3056 1928 3118 Qamviscor.
1942 3061 1992 3100 R.
2012 3049 2057 3102 P·-
2073 3058 2163 3129 Ψ

1407 3128 1542 3161 cetta-

1402 3235 1560 3280 Eccles
1562 3236 1727 3280 astream
1742 3248 1927 3281 naturam
1943 3224 2181 3280 sortiatur?
2191 3251 2198 3290 3
2216 3226 2256 3295 ’·
2311 3278 2312 3291 ,

1402 3295 1653 3341 servationis
1666 3298 1870 3354 Diploma
1889 3295 2193 3347 manifestatum).
2310 3294 2313 3302 '

1402 3357 1502 3398 dum
1520 3357 1719 3406 reddit,‘
1707 3370 1750 3399 in
1771 3370 1826 3400 eo
1840 3386 1854 3406 ,
1886 3369 2067 3414 namque
2087 3368 2172 3400 ex

1405 3417 1549 3475 quod
1537 3431 1582 3464 in
1593 3416 1840 3475 Collegiata
1847 3415 2032 3462 Ecclesia
2041 3402 2276 3517 5111ᾶῇ
2309 3427 2314 3483 g
2336 3438 2347 3478 ,χ

2295 3520 2318 3554 Ψ
2372 3513 2379 3543 3
