2392 3730
599 154 802 219 Index
837 133 1116 228 Rerum,
1156 150 1219 217 81
1253 149 1647 219 Verborum.
2057 165 2144 242 69

145 247 186 283 ad
199 246 283 283 solos
297 244 482 281 Canonicos
493 268 505 285 ‚
518 244 571 279 vel
583 247 679 280 etiam
693 244 814 290 spectet
827 247 866 279 ad
874 243 1088 280 Beneficiatos

71 337 73 339 ,
146 295 264 331 Choro
276 292 440 330 addictos.
454 303 529 339 535.
547 303 560 326 1
571 302 600 328 1.
614 295 648 330 &
666 294 744 339 538.
775 305 828 337 23.

99 344 150 379 11.
176 342 320 378 Ceffante
332 341 477 386 legitimo
488 341 718 386 impedimento
728 351 793 374 non
806 351 863 384 per
878 339 1088 381 substitutum,

147 390 201 426 sed
211 388 322 436 perse
339 388 424 434 ipsos
446 398 592 426 tenentur
613 388 772 423 Canonici
789 397 904 424 canere
930 386 1088 426 Missam-³

105 453 110 457 ³
147 437 406 473 conventualem
415 461 426 472 .
445 449 520 483 535.
541 448 594 472 12.

97 484 142 520 11.
165 484 346 519 Canonicia
359 484 411 519 die
421 485 527 530 adepti
546 484 762 519 Canonicatus
774 506 786 524 ,
809 494 847 517 an
862 490 1028 520 teneantur
1039 483 1090 519 sa—

105 548 110 554 ,
147 531 293 567 tisfacere
304 531 411 567 Missas
421 531 663 567 Conventuales
680 531 783 577 usque
793 530 895 565 adhuc
909 542 976 566 non
988 533 1091 578 appli-

100 587 264 662 nfffia
277 591 560 680 {Zissfversario
575 650 586 668 ,
605 638 644 662 an
654 625 769 661 cedere
777 626 873 672 poffit
892 627 970 663 loco
988 628 1089 665 Missae

148 673 387 709 Conventuahs
396 699 406 709 .
427 686 465 720 53
493 699 504 709 .
519 686 573 710 20.

99 717 146 755 11.
168 719 336 756 Habentes
346 732 454 759 curam
469 691 654 759 {minarum
665 729 814 758 tenentur
835 722 947 759 diebus
968 722 1088 759 festivis

146 767 273 851 gciixslsam
282 768 504 806 Parochialem
513 770 671 816 applicare
687 780 748 815 pro
759 769 888 816 Populo
899 795 910 805 .
939 780 1017 817 537.
1031 782 1050 806 2
1058 780 1088 806 1.

221 819 249 852 1.
263 827 309 861 40
335 841 344 850 .
358 829 389 852 2.

97 859 146 896 11.
168 827 496 911 Qandoinwngitm
503 864 677 900 celebratio
687 863 848 900 Miss‘arum
857 864 898 900 de
908 864 983 908 Jure
994 866 1089 901 intel-

115 925 118 929 ·
146 909 338 957 ligiturcum
352 912 584 957 applicatione.
611 923 691 959 539.
704 924 759 959 24.

23 959 25 962 “
98 954 157 993 vl.
181 956 371 1003 Gappenani
380 959 494 995 Curari
504 960 692 996 amovibiles
702 971 742 994 an
753 967 921 998 teneantur
930 962 1090 1008 applicare

146 1003 271 1040 Missam
283 1005 501 1044 Parochialem
511 1018 571 1052 pro
594 1007 724 1053 Populo
735 1031 746 1041 .
768 1018 853 1055 404.
868 1020 899 1051 3.
1040 1029 1042 1031 ·

97 1049 158 1094 Vl.
182 1050 367 1097 Dignitates
378 1077 390 1093 ,
403 1053 559 1090 Canonici
567 1077 580 1095 ‚
593 1053 798 1090 Mansionarii
812 1079 823 1095 ‚
844 1057 879 1091 &
901 1055 1089 1102 Cappellani

143 1097 291 1144 Capituli
301 1108 452 1136 tenentur
466 1101 506 1136 ad
516 1102 760 1148 applicationem
769 1101 868 1139 Miffae
879 1103 1089 1138 Conventua-

145 1145 185 1181 lis
196 1157 259 1192 pro
270 1146 536 1185 Benefacloribus
547 1172 557 1184 .
572 1160 657 1196 404.
667 1161 703 1197 4.

98 1191 909 1290 ¹²²..3?.&553⁸3{ss223255ss3.²211¹}⁶²2².M³ff²¹¹¹
930 1197 1089 1233 ⁶⁰¹¹&

95 1284 140 1321 11.
164 1287 323 1324 Canonici
335 1297 480 1327 tenentur
489 1291 648 1337 applicare
658 1291 782 1325 Missam
797 1290 1060 1327 conventualem
1075 1315 1088 1333 ,

142 1346 209 1370 non
221 1336 366 1372 obstante
379 1336 606 1374 consuetudine
628 1337 876 1373 immemorabili
899 1340 933 1375 in
959 1347 1089 1374 contra-

143 1383 229 1419 rium
239 1407 251 1424 ,
262 1395 300 1419 ac
309 1387 461 1420 tenuitate
473 1384 718 1420 Praebendarum
737 1409 749 1426 ,
766 1385 800 1420 ἃ
808 1396 874 1421 non
884 1386 1063 1422 obstante)
1073 1410 1086 1427 ,

104 1451 114 1458 ι
143 1430 333 1476 quodiulm
377 1431 491 1467 sitione
502 1431 608 1467 oneris
620 1431 720 1467 Missae
739 1433 976 1469 Conventualis
1001 1434 1089 1468 Fun-

144 1477 318 1514 datoeusus
362 1481 424 1515 erit
434 1479 506 1515 solo
515 1480 666 1520 termino,
676 1487 826 1515 cantent.
841 1491 919 1525 540.
937 1485 993 1517 26.

94 1521 139 1557 11.
162 1525 322 1561 canonici
333 1534 482 1562 tenentur
492 1526 533 1562 ad
543 1527 789 1572 applicationem
808 1528 909 1563 Missae
931 1528 1089 1564 Conven-

143 1573 258 1654 2²²¹}ss
271 1573 392 1654 enims}
415 1574 582 1657 Fuindabtor
604 1584 674 1609 eam
695 1586 760 1610 non
781 1574 986 1621 expresserit.
1007 1587 1088 1623 540.

194 1643 204 1654 .
311 1632 364 1656 are
378 1648 386 1656 .
417 1633 452 1658 vi
476 1633 516 1658 en
541 1634 575 1657 1.

95 1661 141 1699 11.
162 1633 196 1701 1⁷&
215 1631 390 1705 disgretivo
409 1668 511 1705 modo
530 1668 682 1716 loquendi
703 1668 893 1706 Fundatoris
914 1672 1059 1718 arguitur
1072 1694 1085 1712 ‚

143 1713 275 1760 quando
282 1713 350 1760 ipse
357 1717 500 1752 voluerit
510 1740 522 1758 ‚
536 1717 573 1754 δε
585 1715 713 1763 quando
727 1727 792 1752 non
808 1719 1086 1764 applicationem..

144 1762 246 1798 Miss'ae
254 1773 317 1808 pro
327 1765 396 1805 ejus
408 1764 523 1799 Anima
535 1787 546 1798 .
562 1773 639 1811 542.
649 1777 681 1809 3.
691 1763 821 1810 Amplia
832 1774 868 1800 ut
875 1764 925 1802 ibi
934 1777 969 1813 4.

96 1803 148 1846 11.
171 1810 317 1845 Facultas
326 1811 505 1848 celebrandi
517 1810 641 1847 Missam
651 1822 725 1847 cum
736 1811 900 1848 assistentia
908 1813 1088 1849 Sacerdotis

145 1868 210 1912 non
219 1857 302 1912 solet
313 1860 447 1895 concedi
457 1883 469 1901 ‚
481 1858 537 1894 nifi
549 1859 678 1906 quando
693 1859 824 1895 morbus
846 1860 893 1895 est
917 1861 992 1897 raro
1006 1872 1088 1896 con-

147 1905 297 1950 tmgibilis
308 1929 318 1939 .
331 1917 409 1952 547.
426 1919 445 1942 2
454 1917 482 1941 1.
710 1955 728 1963 ..

97 1951 162 1990 111.
185 1951 339 1998 Imposito
350 1953 369 1987 a
380 1954 564 1990 Fundatore
575 1953 729 1990 Beneficii
742 1966 839 1990 onere
854 1956 985 1991 canendi
1006 1955 1089 1991 Mis-

145 2000 209 2034 sam
223 2011 283 2035 una
292 2001 433 2045 qualibet
440 2001 641 2037 hebdomada
652 2003 682 2036 in
693 2001 829 2038 Ecclesia
841 2006 873 2040 A
890 2027 902 2044 ‚
915 2004 950 2039 &
976 2005 1011 2045 in
1028 2005 1089 2038 Ec-

145 2045 536 2141 {iicfissmssniffieffffss‘
547 2049 758 2142 ⁰Z¹ie2m⁸33
766 2061 887 2144 33²2?
912 2051 967 2133 {2¹
978 2051 1018 2087 “¹
1030 2051 1090 2086 ‘¹¹¹'

347 2111 352 2115 '
407 2119 418 2131 ο
477 2121 488 2131 ι
526 2119 536 2130 ι
547 2119 560 2137 2
668 2120 699 2137 o,
829 2121 839 2132 ι
866 2111 900 2140 7·
960 2122 970 2133 α

99 2141 143 2177 V.
166 2141 259 2180 Missa
270 2142 505 2179 conventualis
524 2143 805 2189 comprehenditur
817 2145 872 2181 sub
884 2146 1012 2181 nomine
1028 2145 1090 2184 Di-

147 2189 335 2224 viniofficii.
361 2191 439 2237 187.
455 2202 508 2236 15.

103 2235 143 2270 V.
147 2235 266 2320 3:31
269 2236 506 2320 Cpgveptuallis
517 2236 879 2320 ςξροιξὲἰςόᾩίαεοηηω,
897 2242 932 2278 &
955 2241 1090 2277 Subdia·

275 2306 286 2318 .
369 2308 380 2319 .
434 2308 444 2319 .
485 2296 539 2320 um
555 2296 585 2324 a,
645 2297 655 2319 ι
681 2298 716 2321 ι.

98 2331 143 2366 V.
166 2330 258 2367 Miffa
272 2295 502 2368 congeminans
514 2333 545 2366 in
559 2331 695 2367 Ecclefia
713 2333 901 2370 Cathedrali
912 2359 923 2375 ,
941 2336 994 2370 vel
1004 2336 1087 2371 Col-

147 2378 266 2424 legiata
274 2379 420 2415 omnibus
429 2379 540 2416 diebus
551 2378 731 2416 Dominicis
743 2404 756 2421 ‚
768 2383 804 2417 &
827 2382 960 2419 Festivis
978 2383 1023 2416 est
1035 2395 1090 2418 ca-

149 2425 253 2508 penda
262 2437 335 2461 cum
346 2426 516 2471 macone,
538 2429 574 2464 &
595 2426 802 2464 Subdiacono
814 2453 825 2464 .
847 2430 923 2478 187.
953 2440 1004 2473 14.
1019 2454 1030 2471 ‚
1053 2431 1090 2468 &

164 2485 217 2519 eq.

103 2521 147 2557 V.
169 2520 324 2567 Imposito
339 2534 436 2559 onere
449 2523 648 2570 Cappellano
658 2524 688 2558 in
702 2523 810 2558 limine
825 2523 1016 2560 fimdationis
1036 2525 1090 2560 of-

151 2568 275 2604 ficiandi
285 2581 380 2605 unum
392 2573 505 2606 Altare
517 2582 578 2615 pro
589 2571 703 2606 Anima
727 2570 916 2608 Fundatoris
933 2596 945 2613 ‚
970 2573 1088 2608 idem-2

150 2615 365 2661 cappellanus
377 2626 506 2654 tenetur
527 2619 645 2654 missam
669 2618 829 2654 celebrare
849 2630 910 2664 pro
934 2619 1090 2656 Anima-

151 2662 293 2704 ejusdem
311 2665 498 2702 Fundatoris
510 2689 521 2701 .
545 2676 622 2713 197.
642 2676 670 2701 1.

104 2711 164 2746 VI.
188 2709 280 2746 Missa
291 2712 337 2747 est
347 2724 406 2758 pro
417 2714 583 2749 fundatore
596 2713 780 2759 applicanda
793 2736 806 2753 ‚
819 2713 894 2751 licet
909 2713 974 2760 ipse
988 2716 1090 2762 appli-

153 2758 311 2794 cationem
321 2772 384 2795 non
393 2761 576 2806 expresserit
586 2784 595 2793 .
611 2772 691 2806 399.
709 2770 738 2796 1.

105 2805 165 2842 VI.
189 2804 330 2843 Fundata
341 2807 547 2854 Cappellania
557 2817 630 2842 cum
651 2819 751 2842 onere
775 2809 969 2854 quotidianae
992 2810 1091 2846 Cele-

152 2853 305 2890 brationis
313 2855 448 2901 quadam
459 2866 516 2891 ora
525 2854 732 2890 determinata
746 2880 756 2896 ‚
768 2857 850 2893 accio
866 2857 957 2892 molti
963 2867 1093 2906 occupa-

153 2902 184 2936 ti
196 2902 235 2935 da
245 2903 367 2949 negotii
371 2902 493 2949 posfino
505 2903 621 2938 andare
632 2914 652 2936 a
661 2903 793 2945 fhntirla
805 2929 816 2945 ,
832 2906 870 2939 ed
881 2905 915 2939 in
931 2905 1034 2951 specie
1042 2907 1093 2954 gli

153 2947 277 2984 Scolaai
286 2950 407 2996 quando
419 2951 522 2994 esi-ono
532 2949 615 2984 dalla
635 2950 771 2990 Scuola.
797 2952 1009 2997 cappellanus
1027 2965 1092 2989 non

154 3002 281 3030 tenetur
291 2996 330 3031 ad
344 2997 589 3042 applicationem
611 2997 712 3033 Miffae
723 3022 734 3032 .
756 3008 838 3044 400.
852 3012 884 3034 2.

107 3042 165 3079 vl.
189 3041 214 3077 F
217 3042 331 3079 undata
338 3043 545 3090 Cappellania
556 3055 626 3079 cum
648 3056 748 3080 onere
771 3045 993 3081 celebrationis
1016 3046 1094 3082 Mis-

154 3091 194 3126 sae
206 3091 400 3136 quotidiana:
413 3103 474 3137 pro
483 3091 704 3135 Satisfitblione
712 3116 724 3133 ‚
738 3093 782 3129 ἔφ’
792 3103 870 3129 voto
881 3093 1071 3130 Monialium
1081 3119 1093 3130 .

155 3138 372 3183 Cappeuanus
386 3150 452 3175 non
472 3147 599 3174 tenetur
620 3139 660 3174 ad
682 3142 767 3176 illius
791 3142 1068 3188 applicationem-2
1080 3166 1092 3177 .

154 3197 238 3233 400.
253 3197 286 3232 3.

41 3281 43 3285 Λ
108 3233 168 3269 VI.
192 3232 548 3280 FundataCappellania
559 3244 631 3270 cum
657 3246 756 3271 onere
776 3235 876 3272 Missae
899 3237 1093 3283 quotidianae

155 3282 188 3315 in
201 3279 329 3316 Aurora
342 3282 539 3318 celebrandae
551 3293 612 3327 pro
633 3285 853 3319 commoditate
875 3286 1094 3332 operariorum

156 3329 347 3371 Viator-um,
371 3332 416 3366 Θ·
439 3332 705 3377 Peregrinarum,
732 3331 947 3377 Cappellanus
966 3340 1093 3367 tenetur

156 3375 197 3411 ad
207 3376 291 3413 illius
301 3378 544 3425 applicationem
555 3388 617 3424 pro
628 3379 729 3415 anima
749 3377 922 3416 Testatoris
935 3402 946 3415 .
968 3390 1048 3427 400.
1059 3390 1093 3425 4.

1193 243 1373 278 dummodo
1405 253 1593 279 concurrant
1635 242 1898 284 circumstantiae.
1917 243 1961 279 de
1992 246 2108 291 quibus
2129 270 2141 280 .

1195 299 1326 369 ”gnie
1340 336 1370 370 in
1382 338 1472 372 verb.
1497 340 1635 379 Anima,
1646 338 1964 388 legatum‚M1ffizrum
1974 340 2144 388 applicatio

1194 382 1787 434 cappellanusstrchipresbyremotius
1802 410 1813 421 .

1478 481 1810 519 M1XTUM.

1146 571 1194 610 11.
1218 573 1360 654 lgdixtum
1372 573 1494 609 assumit
1503 582 1646 611 naturam
1660 573 1807 623 simplicis
1820 575 1920 622 magis
1933 575 2139 623 privilegiati.

1199 630 1214 657 1
1242 632 1277 656 0.
1301 632 1357 669 14.

1503 720 1788 757 MODUS.

1145 812 1194 848 11.
1218 813 1428 851 Adiscretivo
1441 817 1541 852 modo
1553 816 1707 862 loquendi
1719 816 1860 865 arguitur
1884 815 2008 852 diversa
2023 814 2143 851 volun·

1194 867 1242 896 tas
1255 885 1266 904 ‚
1277 863 1311 899 &
1322 862 1457 899 intentio
1467 887 1478 899 .
1491 865 1547 910 83.
1567 877 1623 911 37.

1428 962 1880 999 MONACHUS.

1146 1053 1175 1087 1.
1199 1052 1512 1090 Monachidicuntur
1527 1053 1659 1090 Patroni
1681 1055 1827 1091 Ecclesiae
1849 1052 2023 1096 subjective
2043 1053 2139 1089 unitae

1192 1111 1308 1136 eorum
1315 1101 1513 1137 Monasterio
1525 1125 1535 1136 .
1552 1117 1565 1137 ι
1574 1113 1627 1148 24.
1640 1112 1693 1136 21.

1146 1148 1194 1182 11.
1216 1147 1373 1184 Monachi
1386 1150 1486 1184 vitam
1499 1148 1668 1184 solitariam
1681 1150 1797 1186 ducere
1805 1150 1921 1185 debent
1933 1173 1943 1183 .
1955 1159 2094 1195 345·¹0·

1146 1190 1190 1229 Π.
1215 1194 1369 1230 Monachi
1383 1196 1528 1242 deputari
1542 1198 1667 1241 possunt
1689 1199 1721 1232 in
1748 1198 1892 1232 Vicarios
1914 1205 2142 1242 temporaneos.

1193 1241 1419 1297 Parocbiarum
1431 1245 1528 1288 pleno
1539 1244 1616 1285 Jure
1627 1244 1828 1282 Monasterio
1853 1244 2012 1278 unitarum
2024 1265 2035 1276 .
2064 1253 2142 1289 345.

1146 1289 1598 1383 Ih9ssggisstcahphglzzcgggcg
1606 1289 2014 1374 pgigugggiiffffiffcdgsgrum
2034 1336 2144 1377 Paro·v
2188 1359 2193 1363 ·

1194 1384 1363 1420 chialium.
1381 1395 1458 1430 345.
1477 1395 1532 1420 10.

1146 1430 1205 1467 IV·
1229 1431 1384 1467 Monachi
1396 1433 1547 1477 excipere
1557 1432 1682 1478 potsunt
1695 1431 1736 1468 de
1746 1433 1902 1473 nullitate,
1915 1432 1941 1467 si
1951 1431 2062 1467 Abbas
2083 1429 2141 1464 sti-v

1195 1480 1355 1526 pulaverit
1365 1478 1609 1514 transactionem
1618 1504 1629 1521 ,
1655 1482 1690 1516 &
1703 1481 1905 1517 concordiam
1918 1480 2045 1515 alternis
2059 1478 2140 1512 vici-

1195 1528 1253 1563 bus
1268 1527 1471 1573 praesentandi
1485 1526 1601 1573 absque
1615 1539 1728 1564 eornm
1738 1527 1887 1563 consensu
1896 1551 1906 1562 .
1923 1539 1940 1571 5
1949 1539 1978 1561 2.
1990 1539 2023 1571 7.

1147 1573 1189 1608 V.
1214 1574 1370 1609 Monachi
1381 1574 1608 1615 ,&Moniales
1622 1576 1829 1620 prohibentur
1849 1575 2017 1619 disponere
2041 1572 2140 1608 tam-2

1194 1622 1276 1702 intgr
1286 1622 1394 1661 vivos,
1412 1633 1507 1668 quarn
1518 1623 1549 1657 in
1561 1623 1671 1658 ultima
1681 1624 1847 1658 voluntate
1860 1622 1877 1656 ὲ
1881 1622 1900 1664 J
1903 1632 1959 1656 ure
1981 1620 2121 1667 positivo
2131 1643 2142 1654 .

1199 1680 1213 1700 ι
1217 1682 1240 1714 9
1266 1692 1276 1702 .
1296 1679 1324 1702 1.

1147 1714 1203 1749 VI.
1228 1715 1258 1748 A
1270 1714 1440 1751 Monachis
1451 1715 1711 1753 cisterciensibus
1725 1717 1859 1753 Patroni
1877 1715 2040 1751 occasione
2047 1713 2144 1756 Juris-

1193 1771 1377 1809 patronatus
1390 1764 1562 1810 quidquam
1573 1767 1705 1811 exigere
1715 1776 1778 1800 non
1792 1764 1937 1810 possunt,
1951 1763 2052 1798 necin
2065 1760 2143 1796 Do-

1194 1811 1297 1846 mibus
1312 1811 1431 1846 ordinis
1451 1811 1575 1846 Carnes
1606 1812 1777 1848 comedere
1793 1836 1806 1853 ‚
1835 1822 1896 1845 nec
1917 1811 2066 1845 mulieres
2090 1809 2139 1842 in-

1194 1858 1364 1894 troducere
1376 1882 1386 1892 .
1401 1871 1477 1902 ²29·
1489 1860 1522 1894 in
1535 1860 1712 1896 Comment.
1724 1860 1764 1894 Et
1775 1870 1873 1906 quare
1888 1859 1902 1893 ?
1920 1858 1996 1892 vide
2010 1856 2069 1892 ibi.

1147 1905 1206 1940 VI.
1230 1904 1308 1939 Non
1321 1905 1368 1940 est
1379 1905 1575 1951 prohibitum
1591 1907 1740 1942 Patronis
1752 1905 1869 1954 aliquid
1880 1906 2023 1950 recipere
2032 1904 2050 1938 a
2062 1903 2142 1940 Mo-

1193 1952 1301 1988 nachis
1325 1952 1583 1988 cisterciensibus
1606 1954 1686 1990 iilud
1703 1954 1813 2000 sponte
1836 1953 1982 1988 dantibus
1998 1976 2008 1986 .
2022 1963 2100 1995 230.
2110 1965 2142 1987 2.

1148 1999 1204 2035 VI.
1228 1999 1408 2046 Gregorius
1419 1999 1477 2034 IX.
1500 2001 1648 2036 liberavit
1670 2000 1850 2045 Monachos
1877 1998 2099 2035 cistercienses
2123 1998 2142 2032 a

1196 2047 1348 2083 molestiis
1358 2048 1571 2083 Patronorum
1583 2074 1593 2084 .
1607 2061 1683 2094 230.
1705 2065 1733 2087 ι.

1149 2096 1210 2130 vl.
1234 2094 1383 2130 Patronis
1391 2106 1455 2130 nou
1466 2095 1510 2130 est
1520 2097 1716 2141 prohibitum
1729 2098 1871 2142 recipere
1899 2093 2073 2131 Candelam
2089 2093 2142 2127 die

1194 2141 1428 2224 Pgrificationis
1438 2166 1450 2182 ‚
1462 2151 1517 2177 aut
1527 2143 1611 2178 aliud
1621 2143 1639 2178 a
1652 2143 1911 2179 Cisterciensibns
1936 2141 2049 2189 sponte
2060 2141 2141 2176 dan-

1196 2198 1220 2224 t1
1245 2201 1281 2224 us
1296 2212 1305 2224 .
1332 2202 1350 2225 2
1376 2202 1409 2224 0.
1427 2202 1456 2224 2.

1149 2235 1206 2270 VI.
1231 2203 1391 2272 Patroniis
1400 2238 1531 2283 exigere
1546 2239 1652 2284 potest
1664 2238 1683 2272 a
1701 2237 1961 2273 Cillercienfibus
1983 2234 2141 2287 retentio-

1197 2295 1270 2319 nem
1284 2285 1398 2319 scamni
1411 2284 1513 2330 prope
1526 2286 1636 2322 Altare
1650 2286 1756 2328 Maius
1770 2285 1916 2319 Ecclesiae
1940 2281 2117 2317 Patronahs
2130 2303 2143 2319 2

1198 2332 1232 2366 δι
1248 2331 1427 2372 hujusmodi
1437 2334 1576 2368 retentio
1585 2345 1649 2369 non
1663 2333 1708 2369 est
1729 2334 1760 2368 ei
1783 2330 1968 2380 deneganda
1981 2354 1991 2364 .
2018 2340 2095 2375 230.
2107 2341 2138 2373 3.

1202 2380 1331 2424 Amplia
1346 2388 1381 2413 ut
1394 2378 1444 2414 ibi
1456 2391 1490 2424 7.

1150 2424 1192 2458 V.
1217 2425 1372 2460 Monachi
1383 2426 1544 2463 Caelestini
1566 2436 1632 2460 non
1650 2431 1797 2459 tenentur
1820 2423 2022 2459 contribuere
2046 2420 2140 2456 semi-

1197 2484 1288 2507 nario
1299 2496 1308 2506 .
1325 2484 1339 2507 1
1349 2485 1401 2508 22.
1421 2483 1472 2507 12.
1936 2504 1942 2510 ,

1151 2518 1208 2554 VI.
1233 2519 1387 2554 Monachi
1403 2517 1713 2554 Praemonstratenses
1724 2518 1843 2554 habent
1853 2516 1995 2563 specialia
2005 2513 2148 2550 Privilev·

1197 2568 1251 2612 gia
1264 2578 1324 2612 pro
1334 2566 1518 2612 deputando
1542 2565 1689 2600 Vicarios
1714 2565 1903 2601 amovibiles
1924 2566 1956 2599 in
1975 2563 2142 2598 ParochiIs

1198 2615 1292 2648 unitis
1302 2625 1416 2650 eorum
1432 2613 1635 2649 Monasteriis
1647 2637 1656 2648 .
1667 2626 1747 2660 427.
1766 2624 1779 2647 1
1789 2626 1819 2648 2.

1151 2660 1212 2700 VI.
1237 2661 1415 2708 Gregorius
1428 2661 1488 2700 IX.
1512 2673 1576 2696 non
1595 2660 1759 2707 prohibuit
1780 2661 1911 2706 exigere
1934 2659 1952 2694 ὲ
1972 2654 2141 2693 Monachis

1199 2709 1459 2744 cisterciensibus
1470 2721 1508 2744 ea
1522 2734 1532 2750 ‚
1545 2719 1616 2754 quae
1638 2707 1677 2741 de
1691 2709 1767 2750 Jure
1790 2715 1978 2754 competunt
1998 2705 2140 2740 Patrono

1198 2758 1324 2792 ratione
1338 2757 1604 2804 Jurispatronatus
1617 2780 1627 2790 .
1650 2766 1687 2799 23
1696 2769 1724 2790 ι.
1739 2767 1790 2800 13.
1888 2759 1890 2770 ¹

1245 2803 1328 2840 Vide
1339 2808 1371 2839 in
1385 2804 1475 2839 verb.
1487 2804 1652 2853 Regularis
1663 2825 1673 2836 .

1352 2900 1942 2939 MONASTERIUM.

1153 2993 1183 3029 1.
1207 2992 1441 3031 Monasterium
1452 2995 1660 3042 Regularium
1672 2993 1820 3030 aedificari
1837 3002 1977 3038 coeptum
1987 2993 2028 3029 de
2039 2993 2140 3028 licen-

1200 3042 1243 3076 tia
1254 3041 1373 3079 Vicarii
1387 3044 1579 3092 Capitularis
1590 3067 1602 3085 ,
1612 3041 1773 3078 finendum
1785 3042 1829 3077 est
1841 3042 1882 3078 ad
1893 3042 1991 3078 finem
2011 3042 2142 3089 perduci

1200 3101 1256 3135 70.
1317 3115 1328 3126 .

1152 3136 1182 3172 1.
1206 3101 1433 3175 Moiigsterium
1446 3138 1685 3185 repraesentatur
1697 3149 1754 3184 per
1766 3137 1961 3184 superiorem
1975 3138 2064 3174 simul
2071 3162 2084 3180 ‚
2104 3138 2141 3173 &

1199 3184 1380 3232 Religiosos
1391 3211 1402 3222 .
1430 3198 1505 3233 147.
1529 3190 1582 3222 26.

1152 3238 1184 3274 1.
1219 3233 1447 3269 Monasserium
1468 3246 1570 3280 capax
1596 3233 1771 3279 poffidendi
1797 3233 1886 3270 Bona
1913 3235 1944 3269 in
1967 3233 2144 3269 Communi

1198 3281 1305 3327 potest
1312 3282 1458 3317 obtinere
1469 3282 1530 3324 Jus
1524 3290 1708 3327 patronatus
1719 3294 1762 3317 ex
1769 3282 1902 3327 persona
1913 3281 2046 3316 Patroni
2059 3281 2143 3316 Pro-

1199 3329 1263 3363 fessi
1280 3331 1310 3364 ei
1319 3338 1501 3375 competens
1512 3331 1608 3365 titulo
1620 3329 1821 3366 haereditario
1832 3354 1843 3370 ‚
1865 3329 1950 3364 secus
1965 3328 1989 3362 si
1999 3330 2031 3364 ei
2055 3340 2147 3366 com-

1199 3385 1327 3423 peteret
1340 3378 1413 3422 Jure
1434 3377 1630 3429 universali,
1646 3379 1794 3415 nimirum
1809 3377 1964 3424 quatenus
1981 3377 2055 3413 esset
2069 3380 2145 3428 Pars

1758 3437 1773 3460 s
2053 3432 2147 3457 umus
